4552 6266
403 627 504 716 Liri.
565 620 866 714 Futurum-111

318 783 321 788 ·
404 757 520 868 Sing.
592 743 864 864 Biaviszyadi
877 801 893 845 ,
924 743 1025 828 etit.

403 875 528 962 Dusi.
592 871 900 985 Birauiszyada,
932 888 1050 954 erunt
1079 859 1229 954 ambo.

400 1001 510 1085 Plur.
583 993 915 1110 BiaviszyandI,
948 1013 1096 1079 erunt.

401 1125 514 1238 Sing.
588 1117 882 1233 Bieviszyasi,
914 1118 1021 1202 eris.

403 1247 526 1332 Dual.
591 1239 917 1358 Birauiszyatiri,
949 1241 1053 1323 eritis
1088 1233 1239 1324 ambo.

400 1373 507 1453 Plur.
585 1365 910 1480 Birroiszyatira,
941 1367 1079 1450 eritis.

402 1495 513 1606 Sing.
589 1487 875 1605 Biaviszydmi
892 1549 905 1589 ,
936 1517 1040 1573 ero.

399 1617 521 1700 Dual.
587 1611 905 1726 Bhaviszyriva,
938 1615 1084 1696 erimus
1115 1605 1266 1696 ambo.

399 1740 506 1822 Plur.
582 1735 908 1852 Biauiszydma,
941 1741 1117 1820 erimus.

403 1865 647 1945 Futurorum
675 1861 972 1944 terminationes
1001 1863 1042 1943 in
1071 1859 1209 1942 activis
1246 1877 1288 1941 et
1315 1852 1465 1938 neutris
1490 1863 1649 1964 temper
1675 1867 1771 1934 sunt

279 1979 500 2072 uniformes
535 1987 576 2066 in
606 1985 796 2087 omnibus
819 1985 1207 2100 conjugationibus.

404 2108 574 2192 Vocales
601 2131 767 2192 accentu
794 2131 950 2192 notatae
978 2135 1134 2218 semper
1156 2107 1304 2218 longae
1327 2121 1420 2186 sunt
1440 2122 1516 2200 ,nt
1531 2124 1649 2212 supra
1680 2121 1769 2184 mo-

280 2235 384 2327 auia
418 2234 505 2316 illae
539 2259 634 2314 vero
658 2261 760 2346 quae
796 2257 962 2317 accentu
989 2237 1113 2348 gravi.
1131 2232 1194 2315 vel
1221 2249 1340 2315 acuto
1363 2225 1661 2324 destituuntur,
1680 2221 1768 2307 bre·

276 2357 380 2440 viter
411 2379 505 2444 sunt
528 2357 883 2468 pronuntiandae.
906 2353 974 2462 (i)
1278 2371 1281 2380 ⁴

804 2603 955 2688 Modus
989 2600 1234 2687 infinitivus.

401 2727 536 2842 Quem
571 2728 717 2813 Graeci
760 2729 929 2820 modum
962 2726 1202 2812 infinitivum
1242 2721 1422 2816 habent,
1456 2741 1501 2806 ut
1530 2715 1766 2826 merresa,

272 2846 505 2952 verberari,
539 2852 604 2937 vel
634 2847 767 2934 rime
796 2852 1046 2952 verberare,
1079 2879 1171 2936 eum
1210 2849 1446 2950 Brahmanes
1481 2846 1629 2958 supino
1671 2874 1767 2959 sup·

276 2973 417 3084 plent:
451 3001 488 3058 v.
508 3003 547 3088 g.
576 2975 836 3073 Biavirum,
869 3004 981 3073 esse,
1014 2977 1210 3075 existere,
1242 2995 1289 3058 ut
1306 2973 1382 3070 sit,
1413 2973 1576 3068 existara
1608 2988 1765 3056 nectum

278 3097 418 3211 ligare,
445 3097 638 3212 ligarum,
665 3119 709 3182 ut
732 3098 923 3214 liget,ad
953 3101 1161 3216 ligandum
1196 3105 1273 3188 &u
1302 3098 1352 3214 sit
1388 3120 1512 3214 ergo.

397 3223 641 3322 Biravitum,
665 3247 746 3310 estc
759 3279 787 3332 ,ι
805 3226 971 3312 existere
992 3281 1005 3308 .

760 3472 1013 3584 participium
1040 3473 1285 3560 Praesentis.

400 3593 527 3679 Mate.
584 3597 782 3695 Biavan,
815 3599 1016 3682 existens.

399 3721 508 3803 Pern.
581 3716 819 3818 Biavandi,
852 3719 944 3805 iem.
977 3723 1180 3808 existent·
1270 3801 1272 3807 ,

399 3843 525 3928 Neut.
586 3842 766 3943 areval,
799 3847 1000 3930 existens.

757 3969 1011 4083 Participium
1044 3969 1274 4054 Praeteriti.

400 4093 525 4176 Masc·
579 4087 824 4192 Babiuvrin,
857 4099 928 4210 qui
959 4090 1060 4194 fuit,
1091 4094 1265 4178 exstitit.

377 4379 436 4478 (')
490 4379 642 4457 Tantam
658 4374 741 4474 fere
759 4385 906 4458 interere
923 4387 1018 4459 inter
1039 4383 1179 4460 vocales
1203 4399 1240 4458 et
1254 4397 1500 4470 consonanter,
1527 4397 1693 4481 quantem
1708 4383 1764 4458 in-

273 4497 327 4556 ter
358 4486 512 4556 animam
535 4499 572 4556 et
588 4501 735 4581 cerpus,
760 4484 811 4559 ait
836 4489 1035 4562 Priscianus
1060 4486 1322 4562 Grammaticus
1347 4485 1411 4558 lib·
1435 4509 1466 4559 r·
1485 4483 1529 4558 de
1552 4507 1648 4558 num.
1664 4485 1761 4560 Lite·

273 4605 392 4660 rurum
421 4584 517 4682 apud
546 4580 708 4674 Veteres,
737 4611 816 4684 pag·
835 4605 921 4683 544·
948 4590 1044 4686 apud
1069 4586 1210 4663 Heliam
1243 4586 1449 4664 Putschiurn
1481 4583 1519 4658 in
1543 4585 1605 4659 lib·
1637 4583 1763 4662 inscri-

269 4705 367 4786 pto:
396 4687 653 4762 Grammatirae
670 4687 818 4762 Latinae
833 4693 1008 4766 Auctorer
1033 4689 1221 4789 Antiqui,
1251 4689 1436 4765 Hanoviae
1458 4685 1564 4780 1605·
1596 4687 1708 4763 Certe
1737 4713 1761 4763 a

271 4785 457 4862 vocalibus
485 4787 693 4886 corruptis,
724 4792 962 4885 permutatis,
986 4791 1149 4890 improbe
1181 4793 1354 4890 prolatis,
1382 4788 1572 4888 praecipua
1595 4790 1757 4864 omnium

270 4887 484 4992 idiomatum
509 4888 698 4986 corruptio
727 4908 765 4962 et
792 4893 1034 4987 permutatio.
1068 4893 1190 4989 Qare
1211 4893 1401 4994 diligenter
1424 4908 1462 4966 et
1481 4884 1644 4963 accurate
1665 4906 1751 4964 suut

270 4987 513 5104 enuntiandae
528 5037 543 5082 ,
566 5015 647 5066 cum
674 4991 712 5065 in
734 4991 790 5066 his
806 4994 965 5096 Linguae
979 4995 1193 5097 integritas,
1211 4995 1329 5073 anima
1343 5041 1359 5085 ,
1375 4990 1577 5095 elegantia,
1593 5005 1631 5062 et
1649 4991 1758 5065 decor

268 5107 467 5168 wnSiStai·
987 5133 991 5140 '
1201 5129 1203 5132 '
