4544 6276
1656 407 1669 452 l

461 465 521 526 ss

474 468 666 662 Sclltica,
692 563 891 678 flagrum,
915 556 1052 660 casiri,
1083 517 1275 654 lidhani,
1307 581 1346 642 2..
1369 548 1473 668 g.f.,
1501 543 1752 644 uchrmatd.

472 689 661 787 Cithara,
694 674 1779 802 vipantschi,lrinara,.tschandhialici,eandholavina
1795 742 1809 786 ,
1827 685 1977 776 tschan·

538 809 831 913 dhilauallaki,
865 839 903 919 3.
924 839 964 926 g.
980 807 1007 896 f.
1026 807 1135 894 'Illud
1159 806 1335 919 primum
1358 807 1557 890 eonvenit
1581 833 1734 921 graeco
1757 807 1886 929 Klvafe
1910 816 1975 902 vel

540 938 697 1057 ltimgu.
734 937 838 1022 Vide
860 935 1057 1048 Brunings
1096 934 1147 1018 de
1167 921 1493 1046 Antiquitatibus
1518 933 1803 1023 Graecorum.

471 1061 605 1144 Patina
633 1088 682 1146 ex
709 1089 798 1148 aere
818 1065 863 1144 in
894 1089 976 1178 qua
993 1058 1217 1173 apponitur
1232 1083 1359 1174 oryza
1374 1057 1429 1140 ad
1444 1055 1775 1146 manducandum
1792 1065 1940 1164 ‚kinna
1960 1121 1976 1149 .

422 1193 426 1199 ’
463 1184 622 1286 dludi,
656 1187 740 1272 aliis
760 1186 928 1287 dandi,
959 1185 1125 1302 cyathus
1145 1211 1194 1266 ex
1212 1209 1301 1268 aere
1314 1239 1328 1282 ,
1342 1181 1495 1266 tubulo
1526 1185 1815 1275 ,instructusad
1835 1189 1981 1277 biben-

476 1313 568 1396 dam
598 1337 776 1426 aquam..
810 1310 999 1398 Utuntur
1021 1310 1112 1395 Indi
1142 1308 1220 1393 hoc
1252 1306 1400 1424 cyatho
1427 1307 1549 1392 etiam
1574 1307 1632 1394 acl
1657 1311 1856 1411 libamina
1887 1312 1978 1422 (ἢ.

474 1435 702 1536 Karakam,
732 1438 906 1522 Karrari
918 1497 931 1538 ,
953 1435 1054 1536 diu,
1078 1433 1292 1549 galantiae*
1313 1487 1327 1530 ,
1348 1458 1418 1515 vas
1436 1453 1501 1517 est
1524 1431 1649 1518 fictile
1675 1437 1792 1523 rcosso
1822 1441 1985 1556 longio·

432 1593 436 1600 ·
480 1661 484 1672 ,
527 1589 613 1670 διςε,
646 1565 762 1676 quod
782 1564 874 1650 Indi
892 1587 933 1648 et
949 1563 1140 1680 Aegyptii
1160 1585 1270 1675 aqua
1294 1553 1485 1642 refertum
1506 1561 1586 1644 aeri
1608 1588 1850 1677 exponunt,
1883 1569 1954 1683 qui
1967 1625 1982 1670 ,
2013 1595 2020 1606 ¹

540 1715 607 1772 vas
638 1689 741 1774 illud
769 1693 1043 1800 permeando‚
1068 1712 1213 1806 aquam
1246 1681 1491 1798 frigidiorem
1525 1687 1692 1773 reddit.
1723 1686 1863 1807 vulgo
1889 1721 1984 1805 gar-

539 1811 671 1924 goleta
698 1816 871 1898 dicitur.
904 1817 949 1898 ln
976 1811 1119 1898 Museo
1147 1812 1350 1924 Borgiano
1382 1807 1636 1897 asservatur.

482 1935 563 2022 Vas
589 1939 630 2019 in
655 1964 831 2070 genere,
871 1935 1131 2040 avabainam,
1168 1932 1406 2022 bhindham
1425 1994 1446 2038 ,
1475 1934 1674 2054 pitram,
1708 1936 1986 2049 bhidjanam,

541 2082 758 2148 amatram⁴
1284 2085 1285 2088 ‘

483 2187 717 2300 Scalprrrm,
744 2191 917 2276 dancam
948 2219 1019 2278 seu
1052 2193 1264 2278 dtanram⁴

486 2310 747 2426 Graphyurn,
776 2303 905 2432 -stylus
934 2319 991 2402 ad
1012 2315 1300 2415 scribendum,
1327 2307 1547 2430 niriyam.

485 2436 785 2552 Horologium,
817 2436 1082 2529 nilicamani.

486 2560 602 2670 Lapis
631 2562 764 2680 lydius
780 2567 829 2651 ad
848 2570 1106 2678 probandam
1128 2594 1297 2666 aurum,
1324 2563 1512 2667 shinam,
1528 2566 1679 2650 nicasza
1696 2593 1837 2666 ,carza
1854 2624 1868 2667 ,
1886 2595 1986 2684 gun.

488 2687 660 2786 Matrix,
691 2685 818 2774 forma
850 2690 1063 2781 fundendo
1084 2698 1164 2780 aeri
1195 2715 1309 2804 apta,
1335 2719 1384 2774 ex
1414 2717 1495 2804 qua
1532 2691 1650 2805 typi,
1675 2693 1728 2777 ed
1757 2715 1901 2810 ectypa
1928 2722 1991 2781 va·

491 2898 494 2906 ,
551 2805 874 2911 traducuntur.
908 2821 1068 2917 mirrha,
1101 2813 1292 2925 acidiari,
1325 2809 1617 2900 vartanimlrszi
1648 2811 1734 2930 g.f.

457 2967 458 2970 ‘
486 2937 754 3025 Simulacrum
781 2971 836 3026 ert
869 2971 990 3047 aere,
1023 2947 1184 3060 imago,
1220 2937 1348 3056 figura
1366 2939 1598 3040 metallica,
1625 2941 1835 3044 bimbam,
1866 2944 1993 3044 sirmi,

551 3069 839 3180 ldltapratimd.
892 3134 895 3148 .

487 3197 663 3290 Forma,
686 3199 780 3279 icon
798 3253 811 3295 ,
826 3197 963 3312 imago
981 3251 995 3294 ,
1014 3192 1291 3294 simulacrum,
1307 3186 1605 3306 pratimitnam,
1638 3191 1838 3308 pratiml,
1873 3195 1995 3309 prati·

491 3319 665 3436 yitana,
701 3317 920 3420 umbam‘fa,
950 3319 1222 3431 ‚pratirlrbam,
1242 3313 1550 3433 -pratitschiya.
1613 3373 1614 3376 κ

493 3447 683 3527 Mensura
704 3445 773 3533 IV..
797 3447 987 3528 sextarios
1008 3446 1257 3544 ¹continens,
1283 3439 1505 3544 dancashi,
1535 3465 1734 3556 prastam,

495 3568 770 3681 Clysterium,
799 3563 897 3650 vasti
915 3623 927 3648 .

494 3692 734 3791 Columna,
756 3689 930 3776 sthirna.

596 3861 655 3961 (*)
707 3865 756 3935 Ex
781 3859 966 3936 vocabulis
994 3858 1098 3950 Tali,
1126 3861 1235 3938 rolina
1261 3859 1716 3958 disens,earinus3mndi
1729 3915 1742 3955 ,
1767 3867 1868 3940 couri
1884 3915 1898 3956 ,
1915 3865 1993 3940 ilin-

494 3965 535 4038 di
550 3990 562 4052 ;
579 3961 700 4053 lorti,
728 3963 844 4051 latri,
866 3963 1027 4061 hortari,
1051 3967 1191 4051 culter;
1218 3965 1385 4055 anabau,
1405 3965 1559 4052 ‘avond3
1590 3969 1720 4058 mirra,
1749 3967 1880 4044 mitlra
1903 3970 1994 4056 8013

493 4067 656 4156 dorato,
681 4067 848 4158 adoran,
887 4078 924 4143 et
950 4065 1098 4142 infinitis
1126 4067 1234 4156 aliis,
1276 4091 1369 4168 quae
1401 4089 1516 4164 aeque
1542 4067 1585 4139 in
1619 4069 1740 4170 lingua
1773 4071 1926 4146 Zendiea
1954 4089 1992 4144 et

494 4171 762 4244 samscrdamica
785 4169 1040 4268 reperiuntur,
1068 4185 1106 4245 et
1130 4169 1228 4244 idem
1258 4185 1391 4259 sonant
1411 4191 1492 4254 ,res
1517 4187 1615 4242 certa
1638 4190 1674 4245 et
1703 4176 1889 4269 explorata
1917 4195 1993 4245 esse

494 4271 635 4346 videtur
648 4270 663 4359 ,⁴
684 4273 844 4372 linguam
857 4273 1160 4346 samrerdamicom
1186 4269 1445 4371 antiquissimis
1478 4270 1550 4343 illis
1567 4276 1795 4370 temporibus
1811 4267 1848 4346 in
1864 4273 1993 4346 Media

496 4389 532 4446 et
554 4362 745 4447 Bactriano
772 4375 809 4450 in
834 4399 902 4448 usu
924 4371 1026 4448 fuisse
1041 4422 1053 4462 ,
1080 4393 1193 4472 atque
1220 4377 1304 4448 inde
1333 4377 1371 4448 in
1395 4371 1535 4444 lndinm
1568 4399 1717 4450 unarum
1739 4375 1847 4451 libris
1882 4375 1997 4448 demi·

498 4496 614 4570 grasse
634 4526 643 4546 .
662 4471 878 4549 Bralrmanrt
906 4475 942 4548 in
962 4477 1153 4551 Bactriana
1173 4466 1328 4550 collocat
1351 4471 1520 4547 Eusebius
1534 4490 1657 4574 praep·
1687 4499 1817 4574 evang·
1847 4477 1913 4550 lib·
1934 4476 1971 4546 6·
1983 4525 1996 4564 ,

357 4601 362 4610 ·
498 4597 535 4670 p.
552 4592 660 4668 3750,
694 4577 862 4651 Clemens
884 4580 990 4652 Alex.
1016 4579 1144 4653 Sarum.
1172 4577 1237 4650 lib.
1257 4601 1323 4667 t·,
1352 4573 1518 4674 Cyrillus
1546 4575 1667 4674 lina·
1696 4598 1824 4656 contra
1854 4576 1999 4668 Julian.

500 4675 624 4767 Quare
651 4701 724 4749 non
753 4679 927 4752 dissentio
950 4678 1000 4753 ab
1026 4679 1198 4778 opinione
1223 4677 1400 4778 praeelati
1430 4675 1498 4748 viti
1516 4675 1625 4755 Com.
1651 4680 1798 4769 Ioannis
1830 4679 1972 4755 Porocur
1986 4727 1999 4770 ,

506 4777 567 4870 qui
605 4803 669 4875 per
693 4776 832 4875 Juplieri
877 4781 1042 4854 Posteros
1086 4781 1148 4853 has
1188 4783 1350 4882 regiones
1377 4795 1568 4872 occupatas
1600 4781 1706 4860 luisse
1734 4833 1747 4871 ,
1774 4801 1812 4858 et
1840 4783 2001 4884 linguam

507 4879 684 4954 Somscret
713 4881 796 4954 inde
827 4880 873 4956 ad
908 4882 1048 4958 Indiam
1074 4884 1247 4980 perlatam
1275 4879 1380 4955 luisse
1406 4879 1632 4955 arbitratur·
1659 4884 1798 4959 Videsis
1832 4909 1911 4984 pag·
1941 4903 2002 4981 39.

509 4982 548 5053 in
579 5006 703 5159 opussr·
731 4981 935 5080 inscripto:
958 4983 1174 5084 Dynarties,
1197 5005 1239 5058 ou
1264 4981 1296 5056 le
1312 4980 1437 5057 second
1464 4979 1558 5057 liure
1581 4985 1624 5060 de
1637 4986 1861 5076 Manethon,
1887 4988 2002 5060 aFlo·

420 5153 423 5161 ,
504 5104 608 5156 rence
641 5108 652 5157 r
684 5104 749 5176 03.
1946 5125 1950 5132 ·
