4612 6268
468 558 563 643 Hoc
596 550 741 640 eodem
760 500 893 640 modo
926 548 1146 640 declinabis
1174 572 1237 662 γα
1268 550 1369 664 qui,
1394 543 1453 666 ye
1497 573 1626 668 quae,
1649 551 1724 667 γαί
1756 457 1834 646 abab

331 677 421 800 jad
454 681 569 795 quod
600 681 831 762 relativum.

442 831 460 886 1
498 829 549 921 ya
568 801 665 914 qui,
897 799 950 917 yb
977 824 1104 906 quae,
1290 896 1298 908 Ι
1397 797 1462 914 yal
1489 799 1617 908 quod.
1736 791 1741 798 ’

437 955 459 1008 2
495 951 585 1044 pam
604 951 741 1036 quem,
776 961 792 978 ⁴
899 920 991 1038 ybm
1026 948 1176 1034 quom,
1394 921 1459 1036 yal
1488 925 1618 1032 quod.

342 1049 484 1133 Dualis
503 1077 614 1165 pau,
778 1141 782 1147 ¹
898 1041 951 1162 γὲ
1397 1044 1476 1159 yc.

335 1171 483 1256 -Plurab
503 1171 606 1288 ybn,
899 1167 1004 1286 pita,
1304 1244 1312 1252 ,
1397 1167 1493 1284 ybni
1523 1190 1599 1250 etc.
1631 1241 1633 1246 .

742 1417 934 1528 Exempla
964 1443 1076 1502 casus
1095 1415 1329 1500 illustrantia
1348 1469 1370 1498 .γ

328 1619 332 1626 .
461 1541 492 1624 14
555 1535 785 1624 Vrkschbna
812 1543 979 1625 dvirado
997 1541 1129 1636 hado,
1158 1563 1227 1646 per
1252 1539 1458 1638 arborem,
1492 1566 1636 1650 nempe
1657 1561 1828 1642 utcaup·

338 1691 417 1752 sam
448 1721 461 1763 ,
493 1666 558 1748 vel
598 1668 941 1763 instrumentum,
972 1664 1116 1746 accisus
1147 1663 1300 1770 elephas
1326 1722 1338 1744 .
1360 1663 1476 1756 ‚Vide
1512 1665 1827 1752 declinationem

284 1777 290 1780 ⁸
341 1790 519 1872 nominis
545 1789 851 1884 vrkslla‚arbor
880 1791 1021 1873 Secti
1047 1791 1090 1870 in
1123 1787 1390 1872 declinatione
1422 1791 1633 1872 nominum
1670 1815 1824 1875 exeun·

337 1914 437 1996 tium
467 1915 510 1994 in
542 1941 567 1994 α
597 1913 774 1996 vocalem
809 1914 1000 2012 brevem,
1031 1914 1288 2026 inveniesque
1319 1911 1539 1994 vrkscbina
1574 1912 1616 1994 in
1646 1937 1737 1996 casu
1759 1939 1819 2020 3,
1929 1989 1935 1998 .

342 2039 414 2148 qui
450 2059 507 2122 est
549 2059 682 2120 noster
721 2035 913 2124 ablativus
945 2064 1143 2137 caussae,
1173 2038 1414 2136 societatis,
1450 2059 1489 2119 et
1538 2037 1820 2146 instrumenti,

338 2159 457 2244 Hada
481 2164 658 2244 occisus.
1791 2255 1793 2262 ¹

462 2289 512 2368 ll.
580 2282 761 2366 Vrkscluil
776 2286 995 2392 pedicam,
1027 2313 1089 2370 res
1120 2314 1171 2371 ex
1196 2283 1342 2372 arbore
1361 2284 1498 2397 lapsa.
1532 2287 1602 2368 Est
1621 2283 1825 2396 'ablativus

341 2431 476 2491 noster
505 2407 736 2506 absolutus,
770 2431 970 2524 tamquam
1004 2437 1086 2493 rem
1120 2439 1169 2494 ex
1199 2413 1372 2494 termino
1404 2434 1479 2493 suo
1516 2401 1663 2520 lapsam
1690 2410 1851 2502 deno-r

336 2553 453 2630 tatus,
487 2535 558 2644 qui
589 2535 695 2643 apud
726 2533 964 2618 brahmanes
998 2557 1058 2618 cst
1092 2560 1205 2619 casus
1235 2536 1431 2646 quintus.
1485 2597 1486 2602 a

464 2658 533 2738 ΙΙΙ.
600 2657 808 2739 Vrbscbena
835 2659 998 2756 salida,
1027 2685 1123 2742 cum
1152 2657 1296 2742 arbore
1330 2657 1603 2762 conjunctum
1635 2679 1694 2740 est
1721 2654 1828 2746 abla-

335 2781 443 2864 tivu's
469 2780 666 2863 societatis
689 2807 759 2864 seu
781 2807 895 2864 casus
919 2784 1060 2866 ternus
1083 2783 1398 2868 Brahmanicus.

462 2903 532 2985 IV.
597 2903 782 2988 Na‘rltena
805 2903 994 3020 briscae,
1026 2907 1254 2992 a'Domino
1281 2903 1329 2988 fit
1357 2935 1369 2986 r
1402 2927 1463 2990 est
1493 2901 1688 2990 ablativus
1719 2931 1821 2992 cau·
1904 2987 1907 2994 .

337 3051 434 3125 sae,
467 3053 536 3110 seu
570 3055 681 3113 casus
704 3049 874 3113 tertius.

462 3151 514 3231 V.
575 3152 767 3266 thbiyci
797 3149 941 3252 nami,
975 3153 1157 3239 Domino
1188 3153 1406 3238 adoratio.
1438 3155 1509 3236 Est
1550 3150 1705 3236 dativus
1747 3173 1840 3238 nou

320 3293 413 3356 -stet
447 3277 544 3376 cui,
575 3277 642 3360 vel
676 3281 927 3377 commodi,
960 3297 1006 3360 ut
1042 3304 1084 3362 v.
1101 3305 1141 3391 g.
1183 3273 1375 3390 thbdya
1401 3275 1499 3386 gom
1526 3274 1718 3374 dediti,
1749 3279 1823 3362 do·

335 3399 445 3480 mino
476 3425 632 3484 vaccam
670 3401 766 3483 dat.

460 3521 529 3602 Vl.
594 3521 831 3638 Milscldya
856 3525 1064 3608 diarmam
1098 3520 1315 3632 bbagt'ade,
1348 3520 1399 3604 ad
1438 3521 1639 3608 litteram:
1670 3519 1825 3630 gloriae

332 3642 526 3725 virtutem
562 3647 769 3762 sequitur,
808 3648 957 3746 idest,
990 3655 1155 3757 propter
1188 3645 1355 3758 gloriam
1388 3649 1570 3757 sequitur
1605 3647 1821 3742 virtutem3
1895 3655 1897 3662 '

299 3757 302 3764 ’
333 3765 404 3846 ubi
435 3771 544 3851 vides
574 3771 756 3853 dativum
787 3770 877 3872 cui,
907 3795 1109 3885 tamquam
1121 3767 1233 3880 fini,
1269 3793 1413 3878 nempe
1438 3769 1626 3878 glorian
1659 3773 1732 3880 qui
1765 3793 1823 3856 est

332 3915 442 3972 casus
476 3920 525 3971 rv
555 3894 858 3976 Brahmanicus.

437 4014 547 4100 ,Vll
615 4016 797 4098 Vrkscbcil
817 4014 1097 4123 prabbauandr'
1126 4011 1323 4121 puszpdm'
1351 4069 1364 4110 ,
1398 4039 1446 4096 ex
1478 4010 1619 4096 arbore
1651 4043 1819 4100 nascun-

331 4159 397 4217 tur
433 4139 577 4232 llotesa
614 4138 684 4223 ubi
714 4143 845 4223 elucet
881 4139 1077 4222 ablativus
1100 4162 1272 4233 causae,
1306 4136 1368 4220 vel
1385 4137 1577 4248 originis.
1608 4139 1672 4220 Sic
1692 4143 1818 4251 agitne*

334 4259 427 4370 igne
456 4287 525 4344 seu
558 4267 756 4374 exigue,
787 4292 932 4346 ruszna
958 4262 1091 4358 calos,
1130 4261 1536 4376 giayadilnascituta
1613 4263 1620 4280 “
1654 4293 1656 4297 ·

457 4383 563 4466 Vlll.
625 4383 789 4470 Tarmel
814 4407 953 4492 param
991 4383 1167 4481 maban,
1199 4385 1272 4468 illo
1303 4384 1419 4468 valde
1449 4384 1604 4487 major,
1638 4384 1688 4468 ad
1716 4387 1816 4482 litte·

331 4529 442 4622 tam:
473 4507 555 4612 illo¹
575 4509 700 4591 valde
731 4537 927 4620 magnate
962 4507 1031 4591 ubi
1063 4510 1233 4617 percipis
1259 4505 1472 4591 ablativum
1507 4527 1686 4590 nostrum
1716 4512 1813 4593 sim·

330 4627 506 4736 plicem,
538 4657 608 4714 seu
647 4634 834 4746 quintum
867 4658 999 4714 casum
1036 4631 1336 4714 brahmanicum
1376 4630 1523 4714 tasmdl
1565 4629 1663 4730 illo,
1694 4659 1814 4746 super

318 4749 473 4852 illum,
506 4755 621 4870 quod
654 4757 839 4838 usuvenit
864 4755 905 4836 in
936 4755 1240 4866 comparativis.

455 4877 529 4959 IX.-
588 4877 771 4988 Auga‘sbe*
812 4878 970 4984 paksclti
1008 4876 1206 4960 lscbaradi
1225 4933 1237 4974 ,
1272 4879 1311 4960 in
1353 4905 1439 4961 aere
1485 4879 1668 4960 circumit
1702 4879 1813 4970 avist

328 4995 398 5081 ubi
415 4999 525 5084 vides
546 4999 765 5087 ablativum
790 5001 873 5086 loci
889 5029 960 5086 seu
988 5004 1160 5118 quietis.
1194 5003 1258 5086 Sic
1288 5007 1392 5083 vane*
1422 4997 1587 5084 vrksclta
1620 5000 1811 5102 tisztadi,

1467 5128 1506 5208 H
1542 5155 1562 5208 2
