4612 6268
973 471 1013 576 l(
1049 463 1129 552 XV
1167 463 1207 570 l(

323 585 394 711 li,
429 593 509 724 qui
542 592 767 716 majorem
798 583 921 690 illam
957 588 1300 690 Brahmanicam
1323 591 1454 718 gram
1469 581 1678 681 matic'am
1698 655 1715 708 ,
1738 623 1845 724 qua.

325 724 415 826 lem
447 765 538 868 ego
577 765 633 830 ert
662 723 853 826 laudatis
891 727 1149 828 academiae
1182 725 1464 820 Triciureasis
1499 721 1737 827 codicibus
1772 728 1847 828 de·

325 872 542 1004 scriptam
578 864 825 1004 possideo,
863 868 1112 985 viderunt,
1150 893 1196 961 et
1238 892 1416 961 attenta·
1462 862 1845 963 menteconside·

326 1039 515 1129 rerunt,
548 1007 776 1106 fateantur
809 1037 876 1100 est
913 1023 1133 1124 necesse,
1171 1035 1271 1102 eam
1310 1036 1405 1100 non
1434 1002 1572 1100 unius
1609 999 1844 1126 hominis,
1945 1047 1947 1054 ·

326 1147 408 1244 scd
443 1145 641 1281 plurium
684 1141 933 1242 doctorum
970 1147 1174 1242 virorum
1212 1173 1396 1278 partum
1437 1175 1573 1238 esse.
1609 1145 1728 1242 Vera
1758 1145 1843 1244 ita·

327 1321 417 1417 quc
455 1287 548 1382 csse
597 1281 777 1382 videtur
813 1282 889 1380 illa
940 1281 1096 1380 Indica
1152 1284 1378 1380 sen-'tentia
1461 1301 1580 1412 quae
1634 1314 1849 1422 maguam

322 1423 665 1522 Brahmanicam
701 1424 1060 1532 Grammaticam
1095 1427 1304 1540 Paaiuio,
1341 1392 1603 1558 Ca',aijanae
1634 1453 1680 1520 ct
1699 1436 1855 1526 Patan-

319 1562 430 1691 ialio
465 1557 722 1670 adscribit.
761 1563 881 1660 Huic
918 1559 1169 1698 refragati,
1208 1559 1318 1660 dum
1366 1589 1411 1656 et
1465 1561 1645 1692 scriptis
1685 1597 1850 1662 monu-

324 1701 523 1815 mentis,
561 1729 607 1796 et
646 1697 855 1798 universa
882 1699 1064 1800 Indicae
1103 1701 1252 1832 gentis
1284 1691 1432 1794 vocali
1456 1699 1735 1796 auctoritate
1756 1699 1845 1800 suf·

322 1833 537 1957 fulcitur,
573 1834 635 1935 ab
684 1835 901 1936 honestae
946 1841 1124 1936 critices
1161 1833 1337 1972 regulis
1379 1867 1477 1931 esse
1511 1834 1692 1936 videtur
1734 1838 1846 1936 alie·

324 2011 470 2074 num.
509 1981 624 2074 Sanc
655 1977 917 2076 universalis
943 1977 1080 2103 hujus
1114 1973 1374 2073 traditionis
1398 1976 1537 2071 etiam
1568 1979 1614 2074 in
1637 1977 1837 2076 Australi

322 2113 478 2212 Indiae
514 2118 707 2248 regione
739 2117 935 2248 vigentis
977 2119 1103 2212 testis
1140 2113 1402 2212 luculentus
1436 2096 1504 2210 ¹est
1541 2121 1596 2213 R.
1625 2118 1673 2210 P.
1699 2129 1839 2236 Pons,

322 2255 402 2384 qui
439 2254 486 2350 in
522 2251 716 2384 epistola
752 2253 810 2350 ad
846 2259 894 2350 P.
923 2255 984 2351 du
1009 2253 1130 2350 Hald
1166 2257 1335 2384 scripta
1372 2255 1430 2378 (e)
1470 2255 1659 2384 inquit:
1695 2257 1831 2350 Pania

316 2390 416 2484 aide'
444 2389 503 2484 du
532 2403 773 2526 Sarasuat,
790 2427 972 2526 composa
1005 2431 1060 2486 uu
1094 2428 1279 2524 ouvrage
1307 2393 1495 2486 immense
1515 2392 1587 2486 des
1610 2425 1680 2526 reg
1697 2390 1756 2484 les
1776 2389 1837 2488 du

319 2521 551 2643 Samslrret.
572 2537 795 2652 Quonam
817 2561 971 2628 autent
994 2565 1109 2626 aevo
1125 2529 1233 2628 haec
1251 2531 1550 2662 grammatica
1571 2529 1831 2662 composita

317 2665 456 2764 fucrit
478 2733 492 2782 ,
515 2701 713 2796 quanam
727 2696 871 2762 aetate
908 2701 955 2765 ct
974 2670 1071 2800 ipsa
1090 2667 1250 2803 lingua
1264 2679 1477 2760 Samscrta
1500 2696 1606 2764 nata
1623 2669 1718 2784 sit,
1742 2666 1834 2762 hoc

318 2807 367 2899 in
400 2831 524 2900 tanta
558 2807 777 2934 temporis
813 2803 1190 2938 longinquitate,
1229 2834 1275 2898 ct
1312 2835 1725 2902 monumentorum
1762 2801 1841 2900 dc·

319 2939 475 3058 fectu,
514 2975 612 3072 quo
642 2939 937 3062 laboramus,
958 2940 1085 3040 dictu
1117 2935 1386 3073 perdifficile
1413 2972 1518 3037 est.
1554 2949 1675 3038 Ante
1707 2955 1839 3036 Hero-

320 3077 411 3171 eluti
444 3109 603 3174 aevum
639 3113 899 3176 sermonem
950 3078 1351 3176 samscrdamicum
1389 3109 1511 3174 certe
1560 3115 1642 3211 pet
1685 3110 1835 3176 totam

321 3211 529 3332 Indiam,
563 3243 608 3311 et
637 3213 816 3312 fortasis
865 3221 1002 3331 etiam
1042 3249 1242 3314 veterem
1279 3215 1508 3312 Persidem
1543 3219 1592 3313 in
1616 3250 1700 3314 usu
1724 3213 1836 3314 fuis·

322 3385 369 3446 sc
402 3417 417 3467 ,
455 3387 506 3447 ca
552 3350 748 3484 probare
783 3353 1042 3474 videntur,
1079 3389 1195 3484 quae
1234 3387 1317 3466 nos
1357 3351 1462 3448 alibi
1502 3389 1555 3450 ex
1588 3353 1838 3452 Herodoto

323 3489 464 3620 ipso,
502 3519 555 3585 ex
585 3493 771 3608 Cresia,
811 3493 995 3610 Plinio,
1033 3497 1267 3610 Arriano,
1308 3485 1570 3609 Strabone,
1614 3489 1660 3591 et
1692 3500 1839 3630 Hesy-

326 3625 431 3721 chio
475 3626 709 3728 attulimus
734 3631 848 3762 (f).
888 3637 1108 3732 Ceterum
1134 3631 1417 3772 Vjiearauaua
1439 3665 1614 3765 ,quam
1641 3667 1726 3730 nos
1749 3663 1840 3730 tra·

328 3864 451 3964 ligasti
474 3864 718 3964 Alpllabetuur
748 3868 1022 3944 marmaniam
1058 3895 1120 3944 teu
1158 3867 1386 3942 ludostauum
1433 3871 1685 3942 uniuersitatis
1718 3870 1837 3962 Kasl,

328 3969 463 4040 Romae
495 3988 625 4062 177t·,
653 3989 859 4068 pag·105·,
888 3973 948 4045 ubi
977 3979 1021 4047 de
1045 3972 1278 4046 Brabmanica
1309 3973 1543 4068 grammatica
1561 3972 1759 4046 Sarasvatu
1784 3974 1839 4045 in·

328 4069 462 4166 scripta
488 4069 659 4144 disserit·
689 4071 836 4145 Pauiuir‘
862 4097 953 4168 opus
976 4072 1242 4174 'grammaticale
1272 4074 1381 4144 etiam
1409 4069 1588 4146 statana
1623 4072 1834 4164 Caumudr’,

330 4172 368 4243 id
393 4185 482 4260 est,
502 4175 705 4270 pervicatia
734 4177 774 4248 iu
796 4177 1014 4273 inquirenda
1040 4175 1147 4262 luce,
1171 4173 1380 4248 inscribitur
1397 4223 1410 4261 ,
1425 4175 1530 4272 cujus
1553 4175 1638 4248 libri
1655 4173 1837 4273 exentplar
1864 4251 1867 4258 ,

330 4297 390 4344 ms.
419 4273 555 4348 citatur
580 4303 616 4349 n.
633 4299 695 4366 4¹·
722 4277 758 4348 in
787 4282 952 4376 catalogo
968 4279 1167 4376 Anglicano
1187 4303 1196 4348 ε
1215 4279 1258 4352 A
1280 4275 1466 4374 catalogue
1493 4271 1535 4368 of
1551 4279 1735 4350 Saurcrita
1751 4281 1836 4353 Mu·

331 4377 504 4470 nuteriptr
528 4373 714 4476 presented
735 4393 769 4452 to
797 4377 855 4452 tlte
881 4379 998 4476 Reyal
1023 4381 1162 4474 ,iociery
1185 4381 1229 4477 by
1245 4381 1309 4454 Sir
1327 4377 1477 4450 william
1504 4379 1577 4451 and
1592 4380 1688 4476 Lady
1705 4379 1835 4471 louet,

330 4476 373 4572 by
402 4473 553 4552 Cllarlet
581 4479 754 4572 mittas,
778 4481 863 4580 th·
894 4481 932 4556 F·
951 4481 998 4556 R·
1014 4485 1054 4557 S.
1083 4481 1183 4554 Froa
1209 4481 1268 4556 tlte
1301 4479 1533 4578 Pilosoplrr'cal
1561 4480 1834 4556 Transactiont·

434 4580 491 4680 (e)
542 4585 661 4657 Leetre
683 4607 743 4658 tur
769 4583 806 4658 la
829 4587 1047 4660 litterature
1071 4584 1245 4658 ladieuue
1271 4639 1284 4674 ‚
1309 4599 1347 4656 et
1369 4581 1419 4654 les
1441 4582 1657 4658 Bralmauer
1698 4577 1761 4682 qui
1787 4607 1833 4657 eu

330 4695 412 4754 taur
432 4681 483 4754 let
510 4685 774 4786 Depositairer,
801 4687 973 4777 Carical,
996 4711 1038 4760 ce
1064 4708 1125 4779 23·
1142 4688 1294 4764 Novem.
1319 4705 1424 4782 1740.
1452 4687 1585 4760 Lettret
1611 4683 1835 4781 Edifiautet,

333 4802 424 4856 tom·
439 4787 561 4859 XXVI·
590 4813 625 4884 p·
647 4787 733 4861 218.
760 4809 796 4864 et
818 4790 907 4864 suiv.

432 4883 497 4992 (J)
550 4891 607 4966 De
626 4892 857 4990 Antiquitate
881 4911 919 4967 et
939 4889 1131 4992 Affinitute
1157 4893 1316 4988 Linguae
1343 4889 1529 4965 Zeudicae
1564 4909 1599 4966 et
1632 4889 1838 4965 Samserda-

333 4991 479 5082 micae,
518 4995 654 5068 Patavii
684 4995 780 5094 typis
801 4997 1012 5084 Seminarii,
1047 5019 1129 5096 pag·
1145 5019 1305 5084 xxxin„
1332 5013 1369 5070 et
1398 5019 1532 5092 seqq.,
1561 5012 1596 5070 et
1622 4991 1834 5090 cumprimis

330 5092 899 5201 pag·xxxvrr.§·1v·lsacauala
928 5097 1094 5172 Zeudr'cu
1125 5115 1160 5170 et
1185 5096 1463 5183 ¹Sarrrtcrduuricu
1503 5119 1548 5171 ex
1578 5095 1705 5172 Priscis
1734 5093 1834 5170 Scri-
