4552 6266
1721 459 1809 546 η7.

304 595 519 700 tirasonam
540 617 745 724 maggae
763 581 951 694 caroffi,
973 611 1365 692 nummulorum&
1382 569 1802 705 dividiendbaranim
1895 689 1898 694 ,

299 815 539 934 pailayatdl,
588 844 615 904 o
652 844 721 904 rex
761 843 902 906 terram
950 817 1135 934 guberna
1171 817 1184 897 l
1229 791 1318 899 {erlo
1345 784 1711 922 gammara,
1737 856 1805 883 .-

205 1093 210 1102 .
311 1023 766 1168 molamus&
793 979 1152 1166 &Qwssdpl’s
1184 1030 1278 1116 Kim
1294 1001 1804 1140 prdtipadiram-artlta

300 1202 413 1282 vada
429 1199 554 1284 alara
577 1229 598 1284 r
626 1200 966 1318 praryayamarli.
1000 1200 1114 1314 Quid
1143 1207 1269 1309 (est)
1298 1198 1548 1285 declinatio?
1565 1241 1633 1266 ··-
1651 1198 1801 1284 Nomi·

172 1411 177 1421 ,
302 1324 389 1420 nis,
421 1323 615 1440 verbique
641 1329 866 1432 (variatio)
901 1327 1070 1408 mutatio
1099 1348 1185 1412 est.

426 1453 536 1533 Haec
564 1456 814 1538 constructio
854 1453 1087 1536 nominativi
1115 1475 1156 1538 et
1183 1452 1355 1537 vocativi
1376 1454 1415 1534 in
1434 1445 1665 1564 vyairarana
1682 1445 1800 1532 refer·
1903 1531 1906 1538 .

300 1595 364 1656 tur
394 1575 470 1658 sub
497 1576 762 1662 ruminante
788 1578 1022 1684 pratbama.
1056 1575 1121 1661 lla
1159 1579 1276 1682 hujus
1311 1578 1366 1658 rei
1402 1575 1707 1686 intelligentiam
1735 1575 1797 1680 ju·

298 1721 363 1782 vat
387 1697 472 1782 heic
501 1703 779 1787 Brahmanicae
809 1703 982 1816 syntaxis
1012 1709 1145 1812 σχῆμα
1172 1701 1420 1790 describere,

420 1825 625 1938 Syntaxim
660 1831 880 1912 universam
909 1825 1149 1910 Braltmanes
1185 1827 1512 1936 complectuntur
1541 1821 1618 1905 VII
1649 1824 1789 1934 capiti·

299 1947 398 2046 bus,
432 1976 536 2062 quae
562 1953 739 2034 aornim
763 1974 938 2047 vocant,
969 1974 1009 2032 et
1038 1951 1132 2034 haec
1157 1947 1208 2034 ad
1237 1953 1402 2033 nomina
1436 1952 1709 2034 construenda
1738 1975 1795 2030 re·

296 2067 504 2170 ¹feruntur.
538 2077 864 2186 Primum'caput
896 2096 953 2157 est
992 2073 1356 2185 ramgnaivata'ra,
1399 2071 1514 2187 quod
1549 2076 1790 2170 nominum,

297 2199 413 2280 trium
443 2226 723 2298 numerorum,
739 2226 779 2284 et
798 2202 891 2283 Vlll
917 2225 1081 2282 casuum
1105 2201 1312 2283 notionem
1329 2195 1523 2280 exiribet.
1558 2199 1790 2280 Secundum

270 2403 274 2412 ,
297 2321 442 2403 dicitur
465 2322 820 2422 sambinivatdra,
854 2324 968 2436 quod
995 2323 1045 2404 de
1068 2327 1276 2406 nominum
1300 2345 1339 2404 et
1357 2348 1521 2404 casuum
1552 2322 1703 2403 unione
1720 2348 1790 2404 seu

296 2446 551 2528 connexione
583 2469 755 2543 tractatr
785 2450 864 2532 hoc
889 2450 996 2530 enim
1022 2446 1154 2530 innuit
1173 2447 1298 2528 dictio
1325 2439 1520 2537 saulieu,
1558 2470 1702 2554 nempe
1722 2470 1790 2526 co·

295 2569 415 2677 pula,
437 2572 535 2650 unio
554 2627 566 2663 ,
582 2573 809 2655 harmonia.
844 2572 908 2654 Ad
934 2573 1011 2653 hoc
1028 2591 1149 2682 caput
1171 2566 1399 2652 referuntur
1420 2565 1665 2663 Tulrsanai,
1685 2596 1787 2649 sva-

294 2689 505 2790 rasarrdlti,
537 2694 828 2798 prakrlisandi,
857 2693 1223 2809 vyadjanasandlri,
1245 2691 1612 2806 visarggasandlri,
1637 2689 1785 2774 suddi-

292 2815 458 2908 sandli,
490 2845 594 2929 quae
620 2823 777 2931 tegulae
793 2846 886 2906 sunt
907 2845 1152 2919 accuratam,
1190 2841 1310 2934 atque
1335 2820 1386 2904 ad
1408 2817 1656 2927 voluptatem
1683 2843 1790 2901 com·

293 2961 464 3051 paratam
497 2968 659 3024 casuum
697 2947 797 3028 inter
822 2975 863 3029 se
886 2945 1130 3029 harmoniam
1158 2933 1380 3042 docentes,
1413 2943 1547 3026 multis
1575 2943 1617 3023 in
1647 2941 1788 3058 vydca·

292 3091 390 3146 rana
419 3069 606 3176 exemplis
632 3071 871 3155 illustratae.
905 3074 1085 3158 Tertium
1130 3067 1251 3182 caput
1291 3093 1348 3154 est
1388 3059 1806 3182 villacryavarara,

292 3189 406 3304 quod
433 3196 641 3277 nominum
672 3195 957 3282 declinationes
984 3222 1025 3280 et
1054 3199 1341 3307 exceptionum
1381 3192 1536 3314 regulas
1561 3185 1710 3290 affert,
1748 3218 1789 3300 et

292 3316 510 3430 dilucidat,
546 3321 688 3404 eodem
716 3323 1115 3435 plane,'modo,quo
1142 3350 1215 3405 nos
1238 3349 1301 3402 eas
1329 3320 1503 3402 breviter
1528 3315 1785 3400 exhibuimus

292 3462 381 3524 toto
409 3467 495 3551 cap.
516 3445 584 3540 11,
620 3469 658 3527 et
684 3450 773 3544 111,
805 3453 846 3528 in
873 3448 946 3531 hac
972 3471 1104 3530 nostra
1127 3445 1400 3552 institutione.
1434 3443 1634 3553 Quartum
1665 3463 1787 3553 caput

290 3587 347 3648 est
363 3561 681 3667 leivardvatdra,
714 3573 829 3686 quod
862 3572 1171 3668 adverbiorum,
1189 3571 1559 3682 praepositionum,
1576 3571 1785 3674 pronomi-

293 3715 411 3784 num,
445 3693 651 3775 notionem
677 3695 865 3792 exhibet,
900 3723 1019 3812 atque
1050 3724 1192 3779 eorum
1227 3723 1317 3777 cum
1343 3691 1575 3775 nominibus
1597 3713 1635 3771 et
1654 3691 1785 3776 verbis

289 3817 480 3896 unionem
508 3815 627 3900 docet
648 3877 659 3913 ,
680 3844 720 3902 et
746 3821 803 3904 his
827 3821 887 3903 IV
904 3822 1153 3908 sectionibus
1168 3819 1390 3908 absolvitur
1410 3849 1421 3896 r
1442 3841 1585 3924 nempe
1597 3841 1786 3925 yuszma·

266 3939 529 4062 plasmanda
558 3943 704 4023 siralais
732 3973 802 4028 seu
833 3949 1101 4056 pronomine3
1134 3969 1242 4057 avya
1275 3939 1504 4036 adverbiis,
1535 3941 1640 4019 inter
1676 3967 1781 4060 quae

285 4063 600 4174 praepositiones
627 4095 910 4164 numerantur,
933 4065 1269 4180 strlpraciayainda
1298 4065 1520 4149 mutatione
1543 4089 1612 4145 seu
1651 4067 1780 4148 varia·

286 4189 398 4271 tione
421 4184 674 4273 feminiorum
703 4197 913 4279 nominum
940 4227 988 4280 ex
1010 4193 1237 4280 masculinis
1266 4187 1627 4298 descendentium
1656 4190 1785 4274 acde-

285 4315 406 4426 nique
436 4313 760 4428 vibllrcryrrrlra,
794 4347 862 4403 seu
892 4324 1157 4432 explicatione
1177 4343 1217 4400 et
1234 4316 1556 4434 ponstructione
1576 4339 1777 4398 casuum.

284 4439 484 4549 Quintum
514 4465 634 4551 caput
662 4446 847 4528 continet
883 4449 1040 4561 regulas
1063 4437 1350 4557 avyaiblciva,
1377 4437 1638 4548 talparurza,
1667 4437 1783 4522 bala

282 4560 421 4660 vribi,
454 4567 643 4662 dvanda,
676 4570 901 4681 dequibus
927 4577 1007 4679 jam
1034 4599 1121 4680 cap.
1141 4538 1501 4664 lll,sect.1V,V,
1532 4563 1618 4663 VI,
1651 4563 1782 4647 etVlI
1843 4649 1847 4658 ,

282 4687 456 4798 breviter
471 4693 725 4776 disseruimus
739 4753 750 4775 .
762 4697 854 4784 Hoc,
875 4721 996 4808 caput
1015 4695 1244 4778 inscribitur
1263 4683 1573 4772 samdsrivata'ra
1590 4690 1781 4773 ‚Sextum

285 4835 342 4896 est
364 4813 922 4930 radlitclvatdra‚septimum
944 4811 1366 4915 samdrdnnidllicaira,
1387 4815 1503 4928 quod
1535 4815 1586 4898 de
1603 4813 1780 4925 plurium

286 4943 496 5025 nominum
529 4940 807 5055 rivbsmagit.
1194 5045 1201 5056 ἱ
1288 4961 1289 4964 ‘

399 5061 590 5179 ‘Syntaxis
604 5071 820 5170 verborum
833 5099 917 5157 uno
936 5072 1252 5183 locupletissimo
1265 5069 1396 5179 capite
1414 5061 1647 5160 absolvitur,
1666 5060 1783 5178 quod
