4552 6266
311 287 327 322 Ι

279 593 508 718 merjada,
529 589 668 711 regula
685 583 997 694 ,consuetudm
1062 571 1777 692 Nirmarytida,tes,aetioeootrere·
1880 591 1884 606 ·

1122 703 1256 818 gulam
1277 719 1316 782 et
1334 693 1694 784 consuetudinem.

161 827 164 832 ¹
284 857 485 944 Maneant
503 902 518 946 ,
538 841 702 968 houm,
723 835 963 955 obsequium
984 828 996 916 .'
1064 827 1334 915 Nirmtinnam
1353 848 1413 906 res
1425 822 1578 934 turpis,
1609 823 1774 912 indeco-

605 955 622 972 ““
1130 978 1200 1050 ra,
1222 951 1318 1034 sine.
1340 947 1526 1034 honore.

286 1095 512 1192 Vatrciana,
525 1115 618 1192 vox,
632 1085 801 1174 verbum
817 1143 831 1187 ,
849 1107 997 1171 sermo.
1059 1074 1387 1175 Nimarsciaaa,
1415 1067 1592 1160 defecnts
1617 1099 1772 1176 serme-

1123 1229 1213 1286 nrs.

287 1345 415 1440 Vera,
448 1341 544 1424 lex.
1021 1321 1459 1436 .Nt'rvidasinelege
1479 1327 1556 1408 dte.
1661 1409 1662 1413 a

279 1471 427 1567 Kirna,
454 1463 726 1549 desiderium.
1053 1447 1294 1570 Niszcitna,
1324 1445 1505 1533 defectu-s
1526 1447 1739 1564 desiderii.
1836 1522 1838 1528 .

168 1667 173 1676 .
281 1579 408 1686 lirdi,
442 1617 576 1700 opus,
1058 1573 1273 1672 NisztrdI,
1306 1599 1410 1684 opus
1438 1577 1710 1661 contrarium·

280 1716 390 1800 ttrba
406 1771 420 1811 ,
453 1710 746 1797 misericordia.
1059 1695 1287 1792 Niszcrbri,
1306 1697 1658 1783 immisericordia.

282 1839 473 1938 Pieriam,
499 1836 684 1924 fructus.
1058 1820 1353 1929 Niszpialanr,
1388 1819 1769 1916 vacuus,sinefru-

1121 1969 1189 2030 ctu
1205 2004 1218 2046 ,
1236 1948 1384 2032 inutilis
1403 1971 1484 2030 res.
1517 1939 1574 2054 (i)

668 2177 669 2182 '
778 2205 1132 2294 secero
1197 2201 1272 2285 vr.

389 2467 455 2552 De
480 2455 838 2572 coniunctionibus
862 2481 932 2540 seu
960 2453 1254 2563 compositione
1279 2445 1505 2534 Bahuorihr'
1536 2454 1673 2540 dicta.
1805 2515 1807 2520 -
1832 2467 1835 2474 “
1897 2463 1900 2469 “

405 2713 535 2808 Valde
567 2735 783 2796 commune
812 2728 870 2792 est
893 2705 986 2790 huic
1017 2702 1180 2817 linguae
1209 2729 1258 2785 etr
1276 2699 1530 2823 substantivis
1553 2697 1679 2790 facere
1698 2703 1764 2791 ad·
1830 2765 1832 2770 .
1861 2751 1865 2757 ’

277 2841 456 2950 jectiva,
491 2865 583 2949 v.g.
610 2833 817 2930 Tsclritra,
841 2829 949 2942 gavi
964 2887 977 2927 ,
994 2855 1141 2942 yasya,
1169 2829 1384 2941 variegatas
1403 2853 1567 2926 ,vaccas
1589 2832 1763 2936 (habet)

280 2967 353 3079 qui
378 2993 408 3042 :
435 2959 625 3044 contrahe
649 2979 690 3040 et
715 2958 779 3050 dic
812 2981 897 3040 uno
920 2953 1070 3037 verbo:
1105 2944 1367 3063 Tsclrit'ragu.
1401 2955 1458 3034 Ita
1484 2981 1688 3070 usznnagu
1705 2979 1764 3038 ca·

278 3089 405 3172 locem
434 3083 614 3180 habens,
647 3079 813 3193 slidagu
846 3077 968 3192 frigus
1004 3075 1184 3171 habens,
1216 3103 1287 3182 seu
1311 3079 1371 3158 vir
1404 3076 1531 3159 calida
1555 3103 1624 3162 aut
1647 3077 1762 3192 frigi·

278 3213 332 3296 da
362 3207 481 3294 verba
502 3203 738 3320 proferens.
772 3204 987 3300 Similiter,
1018 3197 1232 3284 Ribauadi
1257 3200 1421 3312 pulchra
1438 3198 1612 3316 ,bliey'a‘
1635 3229 1761 3302 uxor,

271 3361 396 3451 yasya
432 3333 547 3438 cujus
572 3327 718 3436 (est),
751 3328 942 3416 contrahe
973 3346 1015 3407 et
1036 3325 1133 3422 dic,
1160 3323 1355 3446 ‘Rabavat
1387 3321 1532 3439 bhrirya
1571 3327 1758 3439 pulchrae

279 3457 413 3542 uxoris
438 3459 528 3537 vir.
559 3457 618 3538 lta
651 3457 748 3538 dum
779 3455 910 3540 dicere
931 3449 1105 3534 volunt:
1139 3451 1199 3530 vir
1229 3453 1298 3562 qui
1329 3448 1448 3532 habet
1464 3447 1611 3533 multos
1633 3448 1758 3549 filios,
1796 3557 1801 3568 ι

277 3583 419 3666 dicunt
448 3606 531 3664 uno
569 3578 697 3664 verbo
726 3576 975 3684 Bahupradja
1006 3605 1025 3667 ·,
1054 3595 1158 3657 uxot
1186 3573 1289 3657 illius
1328 3575 1401 3687 qui
1452 3575 1631 3685 coquit,
1665 3577 1758 3674 die,
1883 3583 1896 3654 f

276 3697 651 3818 Parscticabltar'ya3
684 3725 787 3816 uxor
814 3701 918 3784 illius
951 3701 1023 3812 qui
1053 3699 1165 3782 saltat
1194 3755 1208 3798 ,
1241 3696 1319 3816 dic,
1345 3693 1759 3812 Narttaghiblrdrya3

278 3829 391 3932 cujus
422 3827 580 3911 divitiae
604 3832 707 3912 duae
734 3851 849 3910 naves
867 3879 881 3921 ,
901 3823 989 3921 dic,
1023 3820 1366 3905 Dvinrivadltana
1384 3851 1409 3914 ‘s
1430 3820 1496 3904 ille
1524 3822 1637 3926 cujus
1662 3849 1759 3932 opes

278 3973 372 4034 sunt
409 3954 591 4063 quinque
616 3975 783 4046 uaccae,
815 3951 910 4041 dic,
943 3942 1429 4056 Pinttchagauadhanat
1460 3946 1531 4059 qui
1561 3969 1664 4029 amat
1690 3975 1778 4058 ctt·¹
1830 4013 1835 4018 .
1956 4009 1958 4014 .

278 4072 456 4156 biculum
473 4075 662 4158 orientale
682 4131 695 4171 ,
729 4074 793 4158 dic
811 4130 823 4170 ,
843 4069 1227 4184 Pdrvaslrilapriya.
1265 4157 1267 4162 ,

400 4197 511 4282 Addi
541 4198 690 4312 debent
715 4199 843 4278 variae
881 4196 979 4278 aliae
1001 4195 1314 4306 compositiones
1335 4219 1493 4307 prorsus
1515 4196 1755 4310 singulares,

279 4347 319 4404 v.
332 4331 371 4435 gi
401 4323 627 4433 Peregrinus
643 4379 655 4418 ,
674 4322 853 4419 adorna,
888 4319 960 4430 qui
987 4320 1102 4401 venit
1139 4319 1183 4404 in
1220 4318 1442 4402 districtum
1469 4323 1754 4416 Brahmanum,

274 4443 353 4530 dici
384 4445 582 4527 deberets
610 4445 743 4526 aditui
760 4448 1019 4556 peregrinuS,
1044 4473 1099 4560 ya
1118 4446 1188 4557 qui
1209 4501 1222 4540 ,
1233 4440 1381 4551 prripta
1407 4446 1543 4541 uenit,
1570 4444 1753 4557 granium
1774 4439 1777 4446 ’

271 4569 313 4651 in
345 4569 567 4664 districtum
598 4568 906 4664 Brahmanums
948 4589 1087 4659 verum
1135 4572 1413 4681 Praeceptores
1453 4569 1613 4681 linguae
1656 4571 1752 4654 haec

373 4786 433 4888 (*)
485 4789 536 4882 Ex
561 4786 702 4882 analyri
730 4807 766 4862 et
793 4787 957 4884 Synthesi
985 4791 1246 4890 elegantissima
1274 4805 1331 4864 tot
1357 4789 1604 4866 adverbiorum
1635 4807 1672 4865 et
1694 4813 1755 4862 no·

240 4887 441 4974 antinum,
470 4889 670 4962 necessario
690 4892 850 4990 exsurgit
874 4893 994 4989 lingua
1021 4893 1320 4990 opulentissima,
1350 4893 1579 4980 doctissima,
1612 4895 1657 4966 ed
1683 4895 1763 4967 ele·-

274 4987 507 5086 gantissima·
532 4991 576 5062 Et
603 4991 685 5063 talis
708 5009 762 5064 est
785 5015 903 5066 sermo
927 4997 1223 5070 Samscrdamicus
1236 5044 1250 5084 ,
1276 4995 1339 5094 qui
1362 4996 1499 5091 copia,
1520 5013 1556 5070 et
1577 4992 1753 5090 elegantia

272 5090 468 5168 verborum
494 5091 668 5168 Graecum
697 5109 734 5168 et
756 5093 919 5170 Latinum
945 5119 1145 5171 sermonem
1174 5099 1283 5197 longe
1304 5114 1477 5195 superat·
