4612 6268
494 441 648 662 fugiri,
677 537 846 624 uomina
876 537 1002 620 trium
1034 538 1219 652 Legum,
1246 530 1395 650 quibus
1426 554 1512 658 tota
1536 531 1735 623 Indorum
1765 537 1935 656 religio,
1965 535 2008 626 et

498 667 695 780 iegisiatio
719 651 984 758 continetur3
1010 661 1208 746 Risiablra
1241 661 1342 758 bost
1375 661 1507 751 Rinno
1536 662 1749 761 debiturua
1782 666 1890 751 uida
1911 689 2006 780 spa-

505 789 607 876 tium
642 791 817 874 duorum
843 789 1038 872 mensium
1057 815 1125 872 seu
1141 785 1353 872 bimestre.
1382 791 1494 872 Haec
1510 784 1622 888 fere,
1654 811 1694 872 et
1716 816 1801 878 noo
1820 791 1895 889 alia
1914 799 2014 902 sunt

503 918 570 1002 ilia
603 914 826 1011 vocabula,
854 939 957 1028 quae
984 915 1035 998 ab
1057 912 1387 996 initio'dictiouis
1413 913 1516 998 hanc
1551 915 1766 1016 vocalem,
1791 918 1823 1000 si
1856 914 2011 1000 vocalis

503 1043 584 1130 dici
609 1061 768 1153 potest,
794 1039 1024 1152 postulant.
1048 1041 1159 1122 Nota
1182 1036 1303 1143 hujus
1330 1035 1504 1140 vocalis,
1538 1064 1641 1165 quae
1667 1029 1753 1124 eant
1778 1043 1822 1124 iu
1842 1040 2008 1140 medio,

504 1169 572 1252 vei
589 1161 631 1250 in
651 1164 731 1250 fine
751 1167 924 1250 nominis
950 1164 1138 1280 supplet,
1164 1183 1257 1247 sunt
1287 1159 1391 1248 duae
1426 1161 1576 1280 figurae
1606 1166 1867 1282 seusigiae',
1901 1189 2009 1282 quae

363 1421 367 1430 ,
503 1337 820 1426 consonantium
847 1333 943 1451 pedi
968 1335 1245 1450 appiguutur‚
1277 1357 1317 1416 v.
1334 1358 1375 1448 g.
1403 1359 1451 1418 ex
1472 1362 1620 1434 orma
1646 1331 1691 1419 fit
1712 1349 1766 1454 Q
1787 1361 1857 1436 rr,
1889 1353 1935 1419 ut
1964 1334 2007 1418 iu

399 1573 402 1584 .
488 1523 774 1676 uocepgun}i
796 1543 917 1627 srsitr'
933 1545 1106 1645 creatio,
1138 1572 1198 1630 tes
1229 1568 1390 1670 creata,
1424 1553 1557 1696 Q)
1593 1539 2029 1657 mrtjurnorsmrsurr

506 1721 635 1818 nitor,
668 1715 916 1801 mundities.
951 1713 1016 1798 Ad
1044 1709 1092 1792 ric
1124 1713 1188 1797 vei
1211 1713 1252 1796 ri
1265 1715 1435 1830 longum
1469 1718 1748 1805 denotandum
1774 1711 1912 1809 eadent
1934 1713 2003 1793 in·

501 1835 624 1928 se‘rvit
650 1866 745 1928 nota
768 1865 974 1926 consonae
998 1837 1141 1924 subtus
1160 1841 1341 1954 appicta,
1365 1845 1612 1958 geminando
1638 1844 1810 1927 ductum
1839 1832 2006 1920 inferio·

501 2039 588 2096 rem
614 2041 827 2100 recuruum
854 2007 976 2122 ipsius
1013 2029 1157 2107 notae,
1178 2031 1224 2096 ut
1243 2023 1298 2140 ἔς
1320 2009 1379 2094 m·
1406 2011 1471 2098 vel
1491 2039 1557 2098 rru
1575 2008 1729 2108 breve,
1758 2023 1811 2130 ω
1845 2007 1921 2092 srii
1939 2005 2003 2090 uel

501 2213 597 2270 sruu
621 2184 822 2299 iongunt.

567 2345 609 2419 9.
628 2335 667 2394 et
690 2339 757 2392 ιο..
823 2307 944 2388 Nona
969 2327 1008 2388 et
1026 2305 1181 2392 decima
1205 2309 1353 2394 vocalis
1384 2311 1489 2396 valet
1518 2309 1560 2390 lu
1587 2305 1741 2402 breve,
1775 2299 1883 2385 etit>
1912 2297 2005 2384 lun·

419 2493 425 2504 ·
502 2461 635 2548 gum²
663 2458 703 2519 et
731 2437 774 2516 in
798 2429 1026 2540 Alphabeto
1055 2433 1357 2543 Davanagarr‘ro
1395 2436 1435 2518 u*
1462 2437 1618 2530 breve,
1655 2451 1695 2510 et
1729 2423 1762 2508 ii
1793 2427 1998 2540 longum.

500 2560 612 2644 Haec
630 2560 776 2642 vocalis
801 2583 883 2640 non
903 2559 1110 2668 suppietur
1128 2585 1199 2668 per
1219 2583 1358 2659 notas,
1393 2563 1463 2646 sed
1489 2565 1642 2672 integra
1671 2573 1711 2636 et
1732 2548 1843 2638 firma
1865 2571 2000 2637 manet

498 2683 581 2765 siue
606 2683 657 2766 ab
675 2684 815 2778 initio,
848 2681 986 2762 sivein
1013 2685 1173 2779 medie,
1197 2685 1281 2766 sive
1305 2689 1347 2766 in
1364 2685 1443 2770 fine
1474 2686 1663 2771 dictionis
1681 2736 1695 2777 ‚
1713 2701 1753 2764 et
1767 2677 1998 2764 secundun

499 2832 613 2896 suam
632 2805 800 2892 formam
829 2803 869 2883 in
892 2803 1100 2916 syllabario
1129 2806 1364 2915 descriptam
1404 2811 1565 2893 additur
1589 2804 1856 2891 consonanti.

567 2963 638 3018 11.
700 2929 929 3022 Undecima
959 2929 1106 3012 vocalis
1130 2929 1234 3011 valet
1254 2929 1421 3016 latinum
1450 2937 1501 3032 ὲ,
1531 2933 1753 3041 eademque
1784 2947 1999 3027 tantumo-

498 3059 556 3154 do
580 3059 758 3144 occurrit
780 3060 824 3143 in
849 3055 1046 3170 principio
1065 3055 1276 3140 dictionis:
1301 3059 1344 3140 in
1374 3059 1508 3144 medio
1520 3080 1653 3144 autem
1671 3074 1715 3136 et
1733 3046 1813 3134 fine
1841 3077 1998 3136 cousu-
2122 3089 2127 3098 “

498 3187 609 3270 nanti
639 3183 772 3270 addita
803 3177 1015 3292 suppletur
1049 3209 1120 3295 per
1142 3183 1304 3294 signum
1332 3185 1439 3292 pulli
1464 3187 1645 3283 dictum3
1681 3175 1799 3296 quod
1818 3175 1896 3260 hoc
1916 3201 1999 3262 mo·

493 3355 549 3442 do
579 3353 759 3466 pingitur
782 3373 819 3432 ou
843 3349 858 3446 ς
882 3349 937 3432 sic
961 3364 1041 3450 or,
1068 3338 1275 3460 ksirnpiex
1294 3407 1311 3449 ‚
1329 3355 1405 3440 ,cui
1432 3357 1466 3442 si
1494 3374 1718 3466 praeponas
1737 3367 1873 3428 notant
1892 3345 1999 3452 pulli

494 3567 569 3650 erit
588 3575 680 3644 ooo
703 3621 721 3663 2
743 3561 814 3646 ii.
847 3567 957 3647 Haec
979 3559 1075 3646 nota
1099 3564 1142 3643 in
1167 3563 1361 3674 scriptura
1375 3561 1685 3661 Grantnamica,
1719 3585 1800 3674 qua
1821 3556 1997 3646 Nosuti-

492 3762 609 3831 mut,
640 3751 797 3847 semper
816 3734 1056 3820 consonanti
1085 3732 1378 3846 praeponitur3
1404 3733 1654 3842 inscriptura
1677 3751 1775 3811 veto
1801 3731 1995 3808 Davana·

491 3859 631 3970 garira
657 3887 812 3972 semper
830 3889 907 3944 una
930 3858 1088 3972 virg-ula
1119 3859 1287 3974 oblique
1319 3857 1442 3944 ducta
1472 3855 1719 3944 consonanti
1742 3851 1993 3963 imponitur,

323 3945 325 3950 Ι
387 4057 389 4062 .
494 3983 714 4100 cadentque
744 3986 923 4070 vocalem
954 3987 975 4068 ἒ
1005 3983 1194 4095 supplet.
1231 3977 1310 4091 (ἢ

562 4137 630 4192 12.
671 4111 952 4196 vDuodecinta
981 4110 1160 4212 vocalis,
1184 4137 1253 4193 seu
1283 4111 1418 4221 potius
1450 4105 1740 4226 dyphtongus,
1772 4099 1878 4186 valet
1906 4097 1993 4182 lati-

493 4302 588 4364 num
613 4273 656 4362 ai
674 4275 738 4361 vel
756 4274 791 4358 ei
813 4339 823 4364 .
844 4277 993 4364 Eadem
1015 4275 1226 4390 suppletur
1243 4304 1315 4390 per
1336 4275 1450 4362 binas
1483 4277 1597 4362 hasce
1629 4271 1775 4388 figuras
1800 4295 1836 4358 o
1850 4291 1887 4350 so
1903 4291 1992 4363 auu·
2041 4371 2045 4380 p

490 4491 540 4578 de
561 4517 608 4575 ex
626 4503 672 4569 us
686 4489 715 4570 a
731 4431 898 4602 simplici
913 4488 957 4575 fit
980 4513 1015 4572 ω
1029 4504 1121 4574 nous
1143 4546 1157 4589 ,
1177 4483 1242 4570 iai
1276 4485 1340 4572 vel
1357 4483 1441 4568 kei.

521 4675 525 4680 '
557 4685 626 4767 13.
690 4659 973 4744 Decimatertia
996 4661 1144 4745 vocalis
1160 4657 1263 4745 vaiet
1290 4658 1460 4743 latinum
1477 4685 1532 4758 o,
1564 4661 1680 4778 quod
1704 4653 1893 4772 supplent
1907 4643 1986 4732 coi*

591 4903 654 5002 (*)
705 4900 815 4976 Ratio
839 4903 961 5000 itaque
984 4901 1203 5000 Alpitabeti,
1231 4927 1304 4998 quo
1323 4903 1405 4998 quis
1424 4899 1461 4975 in
1478 4906 1669 4982 scribendo
1692 4905 1834 4990 utitur,
1860 4897 1994 4972 haben·

497 5009 540 5083 da
569 5025 654 5094 eet,
680 5005 1030 5103 nam—Alphabetutn
1062 5001 1371 5100 Davanaguricum
1402 5023 1440 5081 et
1476 5004 1634 5106 Tolengr
1662 5058 1676 5098 ,
1706 5007 1836 5108 quibus
1868 5000 1992 5096 lingua

500 5107 693 5190 uunrcrdo
719 5125 816 5223 recte
840 5108 1083 5210 exprimitur,
1110 5107 1201 5186 auos
1227 5123 1267 5186 tt
1299 5106 1390 5183 alios
1420 5107 1548 5188 ductus
1580 5137 1620 5189 ac
1638 5109 1768 5212 figuras
1782 5104 1945 5181 habent·
