4544 6276
1672 495 1759 591 ¹⁶7

209 647 212 656 ,
331 601 495 715 Origine
524 597 690 690 Saliari
725 625 813 714 cap.
848 625 887 704 5.
923 603 1117 707 Gushtasp
1161 621 1291 686 autem
1323 597 1491 686 Persidis
1527 629 1599 688 rex
1632 629 1756 698 totam

289 795 292 807 .
330 753 442 812 suam
467 727 730 841 Theologiam
757 749 798 811 et
827 729 1095 812 astronomiae
1136 727 1339 810 scientiam
1380 721 1433 809 ab
1469 727 1610 812 Indiae
1636 727 1756 818 Brah·

330 851 517 936 manibus
547 851 705 950 hausit,
736 852 852 964 quod
884 852 1027 963 apertis
1051 845 1182 934 verbis
1217 852 1340 936 docet
1368 850 1603 936 Ammianus
1627 862 1755 940 Mar-

213 963 220 974 “
330 974 506 1064 collinus,
521 973 595 1060 lib.
616 1003 711 1082 ιι,
744 1001 836 1089 pag.
870 980 974 1088 637.
1014 973 1110 1060 edit.
1132 977 1220 1058 Bas.
1247 970 1465 1070 Profecto,
1495 975 1656 1062 Rudiae
1683 1005 1756 1066 seu

210 1106 234 1208 '¹
327 1097 534 1182 Mercurii
557 1101 743 1186 lndicum
778 1125 931 1186 nomen
958 1099 1037 1184 hoc
1066 1101 1199 1211 ipsum
1231 1100 1509 1197 demonstrat,
1546 1125 1753 1188 namnum
1784 1201 1786 1206 ,

326 1223 586 1310 Bralimanica
617 1217 812 1308 astrorum
846 1227 1011 1310 scientia
1041 1222 1122 1307 hoc
1157 1251 1307 1308 nomen
1343 1223 1527 1334 migravit
1554 1227 1598 1309 in
1634 1225 1756 1312 Tibe·

324 1368 445 1445 tum,
478 1351 520 1430 in
553 1350 677 1445 Aua,
721 1351 864 1462 Pegu,
898 1352 1000 1434 Slam
1029 1407 1046 1448 ,
1077 1350 1224 1446 Sinas,
1257 1349 1306 1430 ad
1337 1349 1515 1430 Tataros¹
1540 1346 1752 1454 boreales,

324 1477 425 1585 quin
454 1474 503 1555 ad
531 1476 638 1582 ipsos
667 1495 816 1556 veteres
845 1475 1102 1572 Gennanos,
1132 1475 1205 1587 qui
1234 1469 1446 1554 Gidamam
1465 1474 1749 1578 mutatam,

325 1594 459 1690 ldlod,
491 1599 652 1692 Oudon,
686 1599 820 1680 Godan
850 1599 1094 1710 appellant3
1127 1623 1251 1712 quare
1282 1597 1374 1707 ipsis
1418 1597 1649 1711 Godansdag
1692 1621 1751 1689 est

322 1719 407 1801 dies
439 1719 595 1806 nactae
618 1746 690 1802 seu
727 1723 950 1820 Mercurii,
985 1743 1030 1804 ut
1061 1723 1181 1806 tradit
1210 1721 1419 1806 Sclirrrrus
1450 1722 1495 1802 in
1522 1745 1600 1806 suo
1630 1722 1751 1811 Glos-

320 1847 423 1926 sario
449 1867 547 1928 tom.
561 1846 654 1942 111„
685 1844 783 1928 edit.
810 1846 992 1930 Ulmens.
1026 1850 1157 1949 1728.
1193 1838 1251 1952 (i)

259 1965 427 2051 zodiaci
458 1972 596 2080 signa,
630 1970 744 2052 Mina
765 1971 913 2084 pisces:
946 1970 1071 2054 Meda
1097 1973 1219 2054 ovIs:
1249 1969 1371 2055 ldava
1399 1992 1568 2054 taurus:
1599 1973 1747 2062 mithu·

302 2103 373 2174 'na
399 2094 714 2207 unio,geminit
748 2093 972 2179 Carltidaca
993 2121 1159 2179 cancer:
1194 2093 1313 2178 Sinha
1339 2095 1456 2178 Leo:
1492 2095 1633 2212 Canya
1662 2105 1744 2184 vir·
1876 2113 1881 2126 '

318 2241 373 2327 go
396 2251 408 2298 s
440 2215 543 2300 Tuli
570 2217 697 2300 libra:
728 2217 925 2302 Urshvica
953 2221 1143 2330 scorpios
1175 2218 1352 2316 Dhanu,
1379 2217 1443 2301 vel
1471 2218 1671 2308 Dhanuva
1689 2251 1745 2310 ar·

320 2365 418 2422 cus:
455 2343 610 2423 Macara
639 2338 809 2424 Balenae
845 2343 1033 2424 Cumblra
1063 2369 1130 2425 vas
1160 2369 1309 2454 aquae,
1343 2335 1559 2452 amphora.

321 2463 408 2546 NB.
442 2463 539 2545 Non
567 2487 624 2546 est
658 2463 720 2546 hic
741 2463 862 2546 locus
885 2466 1211 2562 demonstrandi,
1244 2463 1403 2548 Libram
1439 2491 1511 2554 seu·
1555 2462 1660 2550 Tuta
1683 2474 1741 2554 si·

384 2613 510 2698 gnum
538 2590 579 2670 in
612 2587 790 2671 zodiaco
819 2589 962 2672 Indico
997 2589 1059 2672 vel
1093 2588 1255 2700 abipsa
1282 2589 1344 2672 sui
1378 2591 1574 2700 primaeva
1601 2595 1743 2679 inven-

382 2711 494 2794 tione
523 2715 671 2797 stetisse
692 2741 705 2790 t
735 2733 857 2827 atque
879 2714 937 2812 ‚ad
962 2711 1087 2820 Indos
1107 2741 1157 2820 ex
1183 2712 1321 2800 schola
1336 2711 1744 2822 Alexandrinahaud·

358 2953 415 3055 (*)
467 2953 536 3032 Res
573 2975 627 3033 est
663 2957 755 3036 scitu
783 2953 915 3058 digna,
946 2955 984 3034 in
1012 2958 1229 3039 Phoenicum
1264 2958 1449 3060 theologia
1488 2964 1601 3040 solem
1641 2961 1745 3051 po'rm

253 3056 369 3152 tripete
391 3050 473 3125 θιὼ
498 3061 695 3164 nuncupari
723 3109 739 3152 ,.
764 3063 923 3160 reliquos
949 3086 1035 3138 vero
1064 3069 1221 3164 planetas
1260 3080 1388 3136 nutum
1415 3061 1520 3160 ejus,
1544 3065 1643 3140 uelut
1668 3069 1743 3140 Dos

252 3159 346 3232 mini
389 3157 599 3256 cujusdam,
625 3166 850 3240 observare·
888 3167 995 3260 Apud
1019 3165 1217 3268 Aegyptios
1254 3163 1544 3242 dodecatemoria
1579 3164 1740 3267 signiferi

249 3256 326 3326 ³¹⁰2
345 3261 477 3338 ennato
509 3289 570 3340 seu
599 3261 651 3342 dii
673 3262 897 3353 consiliarii,
923 3267 1087 3362 planetae
1110 3285 1228 3342 antem
1252 3259 1471 3355 ludiariam,
1497 3265 1666 3356 horest,
1695 3265 1745 3338 ii·-

254 3373 394 3448 staret,
421 3367 484 3463 qui
506 3369 641 3442 accensi
666 3367 752 3442 solis
776 3367 993 3442 consistorio
1016 3371 1184 3457 adstent,
1199 3368 1454 3440 censebantur·
1482 3367 1630 3442 Graecis
1646 3385 1739 3443 astra

250 3463 296 3536 ad
326 3487 454 3539 sonum
484 3469 593 3542 tibiae
617 3467 798 3565 Apollinis
818 3469 964 3542 choreas
988 3470 1117 3544 ducere
1144 3469 1389 3544 videbanturs
1411 3465 1537 3542 dantes
1559 3467 1619 3542 des
1641 3487 1738 3567 corps

253 3561 418 3638 rilerter·
446 3569 585 3668 videsis
611 3570 753 3644 Seldeni
775 3573 1006 3670 syntagmata
1033 3573 1080 3644 11.
1107 3571 1156 3646 de
1177 3567 1263 3642 Diir
1279 3567 1381 3662 Syris
1394 3613 1412 3654 ‚
1435 3567 1578 3670 Proleg·
1603 3593 1687 3667 cap.
1702 3590 1741 3662 3·

248 3689 333 3764 pag·
350 3685 412 3758 27.
440 3673 529 3748 edit.
557 3669 812 3768 nipe-1662„
837 3689 875 3744 et
901 3670 1114 3770 inscription
1143 3673 1234 3746 Grec
1259 3691 1304 3742 rte
1326 3665 1414 3740 terte
1440 3668 1485 3744 de
1503 3669 1541 3746 la
1564 3672 1739 3760 Maisan,

250 3765 387 3866 q’rvoit
408 3767 526 3868 habiri
543 3769 701 3860 Peiros,
727 3772 766 3844 in
792 3796 900 3869 quam
930 3775 976 3844 D·
996 3770 1150 3848 D’Artre
1172 3773 1215 3844 de
1234 3696 1435 3856 iilloirarr,
1450 3771 1598 3846 institui
1625 3773 1740 3846 scien·

251 3869 387 3944 tiorum
413 3873 554 3947 Galliae
580 3873 686 3948 decus
713 3891 751 3946 et
774 3889 1058 3964 ornamentum,
1085 3899 1165 3971 pag.
1185 3867 1244 3965 38.
1271 3870 1358 3943 edit·
1381 3872 1518 3942 Massil·
1545 3867 1642 3945 recte
1665 3873 1738 3945 ani·

252 3971 448 4046 maduertit
463 3975 578 4048 :hanc
602 3973 822 4074 theologiam
854 3974 979 4071 priscis
1005 3976 1155 4047 Graecis
1178 3993 1407 4046 communem
1437 3969 1738 4069 finissejeamque

251 4077 289 4150 in
315 4071 461 4168 synesis·
483 4075 626 4176 hymnis
653 4071 853 4150 luculenter
879 4073 1091 4170 descriptam
1116 4087 1219 4146 esses
1241 4068 1339 4145 Indis
1364 4069 1644 4167 planetae,Soli
1665 4095 1742 4147 ma-

249 4177 351 4252 ximo
377 4175 447 4269 deo
461 4177 641 4252 adstantes
656 4178 768 4250 Muri
781 4202 843 4256 seu
855 4177 1113 4272 poenitentes,
1129 4175 1322 4260 doctores,
1349 4171 1615 4271 consiiiariique
1631 4192 1738 4264 sunt,

252 4281 315 4380 qui
343 4267 427 4352 suos
451 4277 642 4372 discipulos
669 4271 827 4367 habent',
852 4291 890 4352 et
915 4293 1008 4352 artes
1033 4324 1049 4363 ,
1074 4295 1185 4376 atque
1207 4269 1373 4348 scientias
1395 4273 1571 4348 edocent·
1602 4273 1739 4370 Qtam-

250 4383 378 4457 obrem
402 4373 642 4454 Amatorinho
665 4381 789 4464 lovem
816 4383 993 4477 planetam
1019 4401 1118 4474 gurra
1138 4401 1201 4451 seu
1227 4373 1459 4472 magistrum,
1479 4378 1681 4472 grirzpoti,
1698 4395 1737 4452 et

252 4479 514 4581 vdttclrorpcri,
541 4480 687 4569 idest,
713 4481 905 4556 verborum
938 4503 1000 4552 seu
1039 4482 1202 4577 loquelae
1239 4494 1532 4573 praeceptorum,
1560 4477 1734 4554 Venerem

250 4589 429 4684 planetam
451 4581 533 4656 tovi
553 4595 615 4656 seu
642 4599 815 4679 poetam,
840 4579 1058 4655 Mercurium
1088 4577 1317 4652 thartamurri
1339 4599 1402 4651 seu
1428 4601 1609 4652 censorem
1645 4605 1738 4654 nun·
1798 4646 1805 4668 ,

252 4703 392 4781 cupat.
418 4687 460 4758 ln
488 4683 620 4758 celebri
647 4701 834 4780 poemate,
860 4678 1158 4778 Ddoaydnitctlro
1187 4677 1383 4775 inscripto,
1408 4678 1508 4766 lovis
1530 4700 1569 4754 et
1584 4681 1735 4758 Veneris

251 4775 414 4882 discipuli
442 4808 612 4882 persaepe
636 4785 791 4859 invicem
817 4783 1067 4860 concertantes
1090 4781 1341 4858 describuntur
1370 4831 1382 4854 .
1408 4779 1644 4880 Qapropter
1672 4785 1737 4858 hac

252 4887 300 4964 tle
324 4909 364 4960 te
386 4885 650 4986 admonendum
675 4909 750 4962 esse
777 4886 899 4960 censui
924 4879 1111 4961 lectorem
1138 4903 1329 4974 nostrum,
1346 4907 1391 4956 ne
1415 4883 1460 4955 ad
1486 4902 1560 4956 tarn
1591 4882 1736 4956 insolita

251 4987 422 5084 dogmata
443 5003 482 5064 et
506 4981 677 5060 vocabula
704 4978 859 5084 animum
889 4985 986 5061 illins
1006 5038 1022 5079 ,
1046 4988 1184 5087 priscae
1207 4983 1371 5086 gentiunt
1403 4981 1606 5082 theologiae
1637 4985 1739 5082 igna-

249 5107 355 5178 rum,
380 5105 514 5188 stupor
535 5105 575 5164 et
598 5085 795 5164 admiratio
827 5089 1003 5164 invadat.
1337 5099 1340 5108 ’
1634 5087 1636 5092 ’
