4604 6274
1164 364 1175 454 *ἲ
1291 381 1314 418 ἰ

451 611 476 636 ==
1258 661 1268 680 ,
1811 577 1895 666 333

386 667 439 753 11.
470 665 528 754 st·
556 663 705 752 nullam
736 669 778 752 in
819 683 931 748 textu
976 659 1124 750 habeat
1162 660 1452 748 admixtionem
1491 663 1661 772 aluujus
1700 661 1898 752 dialecti.

317 827 321 836 ’
385 795 457 880 111.
492 795 649 897 Si‘ejus
680 792 868 878 doctrina
897 789 1065 884 statuis,
1098 789 1282 900 templis,
1317 790 1497 883 moribus
1526 815 1567 876 et
1586 791 1731 878 ritibus
1749 791 1898 880 Iudicis

388 941 449 1006 est
486 915 732 1003 conformis.
766 915 837 1002 IV.
872 919 913 1000 δί
941 943 990 998 ex
1021 914 1159 1027 aliqno
1183 915 1338 1026 templo
1370 938 1440 1002 aut
1468 916 1519 1002 ab
1548 918 1686 1034 aliquo
1714 916 1895 1004 Btahtnct·

387 1072 438 1130 ne
466 1041 543 1128 fuit
573 1043 791 1128 abstractus
821 1064 890 1126 aut
919 1063 1137 1150 receptus.
1172 1038 1224 1120 V.
1250 1041 1291 1124 Si
1318 1045 1359 1126 in
1385 1043 1556 1130 exordio
1586 1046 1823 1132 salutatione
1852 1049 1896 1132 itt

384 1171 508 1258 deum
542 1168 744 1268 Ganisba,
779 1165 932 1268 Rdma,
967 1189 1036 1252 aut
1072 1164 1217 1248 Vicina
1254 1169 1517 1255 utatur2V1,
1550 1170 1897 1275 siversibus,ec

387 1325 471 1390 nun
504 1321 621 1409 prosa
660 1317 719 1379 est
754 1297 1037 1406 compositus.
1072 1289 1160 1372 Vll.
1195 1291 1236 1374 δί
1270 1319 1359 1380 aera
1395 1299 1498 1412 regis
1527 1299 1795 1383 iuditislttirae
1825 1315 1896 1388 aut

384 1425 491 1537 regis
527 1419 851 1522 Vikramdditjae·
872 1445 1031 1504 utatur,
1066 1416 1173 1502 Vlll.
1208 1418 1250 1500 Si
1274 1449 1345 1532 per
1372 1420 1554 1506 cineras
1570 1453 1640 1510 seu
1668 1428 1891 1532 sectiones.

380 1570 425 1633 et
451 1544 609 1660 strigas
637 1575 706 1632 seu
735 1573 868 1632 versus
900 1571 958 1630 est
987 1544 1170 1630 divisus.
1203 1546 1270 1626 IX.
1301 1551 1341 1633 δί
1374 1549 1470 1632 nihil
1500 1552 1540 1630 in
1565 1578 1623 1634 eo
1644 1551 1695 1636 de
1714 1554 1905 1662 latoris,

381 1675 557 1772 Tuscis,
591 1697 658 1757 aut
687 1673 968 1756 Mussulmanis
997 1672 1183 1755 occurit.
1215 1672 1266 1751 X.
1297 1676 1341 1758 'Si
1371 1672 1478 1758 bella
1510 1677 1648 1762 Indica
1680 1703 1750 1789 per
1789 1700 1888 1768 cur·

377 1827 473 1899 rus,
507 1799 758 1912 elephantes,
794 1801 947 1909 pedites
975 1819 1017 1880 et
1046 1797 1207 1910 equites
1239 1796 1453 1898 describit,
1490 1805 1596 1886 nulla
1615 1805 1791 1914 pulveris
1813 1837 1890 1926 py-

375 1927 426 2009 cii
454 1923 563 2008 facta
592 1927 797 2008 mentione
823 1981 835 2005 .
865 1917 936 2006 Xl.
970 1925 1011 2006 Si
1037 1923 1243 2004 elementis
1267 1926 1392 2008 utitur
1418 1925 1674 2039 inscriptioni
1699 1933 1888 2046 Mongui·

375 2053 482 2136 censi
514 2049 738 2150 similibus,
773 2048 837 2132 vel
880 2049 1041 2134 modice
1069 2067 1229 2130 'tantum
1272 2049 1586 2136 abludentibus.
1621 2059 1709 2138 XII.
1743 2059 1783 2140 δί
1826 2087 1886 2146 res

368 2177 628 2274 christianas,
658 2197 730 2258 eut
760 2164 1092 2259 Mussulmanic'as
1113 2175 1295 2286 ignorat.
1314 2179 1435 2258 ‘XllL
1474 2180 1514 2261 Si
1532 2183 1707 2263 auctoris
1726 2209 1882 2274 nomen

372 2305 423 2388 ad
450 2305 597 2386 calcem
632 2300 761 2412 operis
793 2302 982 2386 exhibet.
1015 2295 1125 2381 XIV.
1155 2299 1206 2381 Si*
1229 2302 1314 2405 eius
1341 2301 1467 2386 dictio
1496 2327 1554 2386 est
1581 2303 1800 2391 confomais
1817 2335 1880 2394 uo·

285 2473 287 2480 ·
368 2429 523 2514 tabulis
558 2428 608 2512 ab
637 2425 903 2512 Amarasinlra
939 2425 1110 2524 relatis,
1138 2449 1184 2508 et
1223 2452 1306 2510 non
1344 2455 1490 2530 nova,
1526 2451 1595 2514 aut
1624 2458 1673 2514 ex
1702 2421 1881 2524 dialectis

367 2578 410 2640 et
434 2555 748 2640 Samscrdatnico
773 2579 960 2648 sermone
991 2552 1248 2636 commixta.
1281 2555 1391 2638 Haec
1430 2577 1471 2638 et
1503 2555 1577 2640 alia
1611 2561 1881 2670 expendenda

338 2681 462 2768 Isunt
480 2683 520 2766 in
540 2679 793 2782 secernendis
818 2703 857 2764 et
880 2679 1153 2788 dijudicandis
1174 2679 1389 2764 codicibus
1406 2681 1593 2778 'Indicise
1611 2683 1760 2800 quibus
1784 2687 1879 2774 huic

366 2794 581 2894 corollario
608 2807 849 2893 coronidem
873 2807 1149 2920 imponimus,
1181 2828 1222 2892 et
1256 2809 1418 2892 acrioris
1445 2810 1597 2926 ingenii
1640 2813 1734 2910 uitis
1776 2839 1877 2922 pro-

364 2935 586 3048 ponimus,
619 2955 666 3018 ut
700 2929 875 3018 delectui
907 2956 1045 3018 nostro
1077 2931 1321 3030 consulant,
1354 2955 1394 3016 et
1426 2938 1458 3018 si
1490 2962 1595 3054 quae
1630 2939 1768 3022 minus
1807 2965 1877 3028 tt·

362 3065 430 3148 cia
460 3083 586 3160 sunt,
613 3061 851 3186 corrigant,
880 3061 1113 3177 castigent,
1146 3083 1187 3147 et
1215 3059 1466 3144 emendent.
