4604 6274
432 488 592 684 {hbe
624 592 753 678 Porro
781 608 828 676 ut
852 585 1003 674 hemor
1030 578 1147 668 etiam
1179 575 1455 664 characterum
1479 574 1689 690 specimen
1707 592 1958 693 cognoscat,

442 725 516 837 qui
550 723 593 804 in
623 721 739 804 india
767 741 877 801 anno
910 741 982 818 23.
1015 731 1107 794 ante
1128 701 1279 792 Christ·
1314 705 1466 786 Natum
1502 703 1581 790 sub
1614 732 1709 820 rege
1737 697 1955 812 Dioepiila

440 850 481 935 in
512 843 685 956 publicis
718 839 995 926 monumentis
1041 833 1180 920 iocum
1218 827 1462 918 obtinebant
1494 887 1509 926 ,
1542 855 1689 944 promo
1729 829 1793 917 hic
1834 827 1954 942 ipsius

435 971 708 1086 inscriptionis
741 967 936 1053 initium.

828 1209 1563 1428 danmatio

766 1478 1670 1750 {iidemu-tunde

569 1851 698 1940 Aliam
724 1854 910 1945 laminam
938 1881 1169 1973 argenteam
1203 1857 1463 1968 inscriptione
1490 1857 1532 1938 in
1562 1853 1702 1967 lingua
1731 1858 1864 1962 Maga
1892 1849 1961 1932 in·

443 1989 600 2098 signem
636 1982 876 2093 producunt
907 1984 1029 2068 iidem
1066 1982 1298 2066 Academici
1326 1980 1453 2094 Angli
1484 1981 1765 2065 Calcuttcnses
1788 1979 1830 2058 in
1855 1973 1963 2056 libro

442 2114 522 2219 jam
553 2106 707 2200 citato,
736 2135 843 2221 quae
871 2109 1077 2218 inscriptio
1105 2103 1275 2189 refertur
1309 2109 1359 2190 ad
1386 2133 1537 2190 annum
1574 2134 1679 2211 904.
1711 2101 1812 2214 regis
1836 2099 1966 2180 Vikra·

444 2231 664 2332 medicine,
698 2226 851 2316 Christi
882 2237 985 2343 848.
1035 2233 1218 2316 Laminas
1265 2257 1429 2343 cupreas
1480 2235 1582 2346 regis
1604 2223 1961 2333 ‘Perumparapii‚

442 2359 569 2472 vulgo
597 2353 701 2469 regis
729 2359 996 2454 Carrinensis,
1028 2353 1360 2470 inscriptionibus
1401 2357 1444 2436 in
1481 2357 1620 2471 lingua
1656 2345 1962 2454 Muluium-Ta-

444 2507 608 2578 ntusze,
638 2506 710 2564 seu
743 2483 1220 2604 Maiabatico·Tamulica
1254 2481 1497 2594 praeclaras,
1531 2510 1635 2599 quae
1666 2481 1786 2594 Regis
1817 2475 1962 2560 Chiro·

444 2605 864 2726 graphicontincnt,
899 2611 982 2720 ipse
1010 2635 1088 2724 ego
1117 2609 1254 2721 plures
1295 2608 1379 2692 vidi
1409 2663 1423 2706 ,
1455 2611 1525 2694 sed
1569 2610 1786 2721 praecipue
1824 2602 1960 2698 iilam,

442 2729 771 2850 quappalmetum
805 2728 1061 2818 Tartaraciri
1095 2735 1167 2816 ΡΙ).
1195 2733 1420 2817 Catmelitis
1438 2733 1698 2820 Discalceatis
1731 2733 1773 2812 in
1803 2727 1960 2840 oppido

377 2857 380 2866 ’
445 2850 639 2966 Vardpiele
663 2863 706 2941 in
730 2883 971 2974 perpetuum
990 2860 1190 2945 addicitur
1204 2880 1248 2942 et
1264 2859 1455 2944 venditur
1467 2921 1482 2944 -.
1498 2868 1554 2970 (a)
1569 2863 1688 2946 More
1702 2877 1881 2942 veterum
1895 2855 1960 2938 In·

365 3091 367 3098 y
443 2983 532 3070 diae
563 3008 703 3096 regum
735 2985 877 3068 habuit
912 3015 980 3070 rex
1012 2984 1320 3069 Tcavancoridis
1351 2982 1478 3068 Raima
1515 2995 1673 3072 Varmer
1696 2981 1866 3066 scribam
1897 2979 1959 3061 vi·

441 3138 529 3194 rum
566 3107 767 3211 nobilem,
798 3116 872 3226 qui
900 3113 1125 3198 nativitates
1156 3135 1250 3196 suae
1278 3112 1408 3224 gentis
1436 3133 1476 3195 et
1506 3111 1700 3210 familiae,
1734 3133 1779 3192 ac
1809 3104 1959 3219 praeci·

420 3249 548 3349 'puos
585 3239 699 3348 regni
733 3260 904 3322 eventus
935 3241 977 3321 iu
1008 3239 1165 3322 laminis
1188 3239 1346 3350 cupreis
1367 3239 1582 3322 exarabat.
1618 3239 1723 3322 Sunt
1743 3258 1844 3346 ergo
1864 3227 1957 3314 Indi

441 3361 608 3448 scientia
653 3361 972 3476 bibliographica
1016 3363 1340 3456 instructissimi,
1374 3369 1518 3478 etqui
1550 3363 1648 3448 nulii
1682 3361 1798 3446 alteri
1844 3353 1956 3470 genti

444 3486 517 3572 bac
557 3486 619 3568 in,
640 3513 681 3570 re
711 3489 879 3600 palmam
912 3491 1101 3575 cedant.
1134 3489 1266 3589 *Teste
1300 3489 1551 3582 Mandrisice
1591 3489 1956 3604 vigintiquatuor

443 3610 567 3696 millia
599 3611 790 3697 codicum
816 3643 907 3696 mss.
936 3615 978 3698 in
1001 3643 1073 3698 sua
1102 3613 1353 3698 bibliotheca
1387 3579 1792 3738 numerabas-hi
1822 3603 1955 3694 Aibat·

440 3739 663 3848 Imperator
692 3739 999 3852 Mugolitanus,
1033 3761 1097 3823 tot
1132 3761 1308 3852 nempe,
1342 3765 1447 3854 quot
1483 3741 1591 3826 nuila
1621 3741 1694 3824 alia
1720 3739 1803 3822 sive
1833 3753 1952 3816 vetus
2019 3793 2022 3800 .

439 3865 523 3948 sive
552 3889 658 3946 noua
688 3863 810 3948 Orbis
839 3864 1112 3950 bibliotheca.
1391 3853 1395 3862 ’
1668 3883 1676 3893 ·

566 3991 663 4078 lam·
682 4017 781 4076 vero
803 3993 940 4106 aequis
975 3992 1133 4076 critices
1165 3991 1313 4104 regulis
1345 4018 1450 4106 opus
1482 3997 1612 4080 estin
1653 4011 1723 4080 tot
1751 4009 1796 4074 et
1835 3987 1953 4071 tantis
2021 4097 2023 4100 Ι

439 4113 652 4200 codicibus
690 4117 994 4217 examinandis,
1025 4119 1311 4215 secernendis,
1346 4143 1386 4229 et
1422 4119 1696 4228 dijudicandis
1728 4173 1739 4197 .
1775 4113 1951 4227 Reguias

439 4241 592 4353 aliquas
619 4267 700 4351 ego
724 4243 803 4348 jam
834 4245 947 4328 attuli
972 4245 1013 4326 in
1043 4268 1136 4328 meo
1172 4245 1371 4356 opusculo
1409 4248 1602 4360 inscripto
1630 4269 1651 4328 a
1677 4249 1855 4330 Examen
1875 4235 1955 4322 Hi·

439 4367 784 4452 scarico-criticum
819 4367 1002 4452 codicum
1031 4370 1256 4454 Indicorum
1284 4368 1547 4455 Bibliothecae
1573 4363 1951 4482 &congregationis

438 4493 487 4574 de
513 4494 764 4604 Propaganda
792 4493 907 4592 irae,
941 4497 1092 4582 Romae
1125 4521 1258 4601 17923
1288 4507 1324 4596 §.
1339 4527 1402 4578 111.
1432 4525 1527 4610 pag.
1553 4527 1624 4606 23.
1659 4515 1700 4580 et
1731 4519 1845 4608 seqq.
1877 4491 1953 4574 Pri·

399 4631 405 4642 '
440 4643 504 4698 ma
533 4616 645 4702 bona
665 4620 837 4718 veteris,
870 4623 1067 4736 genuini,
1099 4622 1243 4707 sinceri
1276 4621 1406 4705 indici
1440 4623 1608 4730 Codicis
1652 4643 1747 4706 nota
1785 4638 1882 4721 est,
1920 4615 1953 4700 si

441 4761 551 4824 totus
598 4767 773 4859 quantus
817 4746 868 4828 sit
906 4748 1045 4863 lingua
1093 4747 1233 4834 literali
1291 4747 1605 4835 Samscrdamica
1650 4745 1949 4858 conscriptus.

406 5105 410 5114 ·
482 5139 491 5156 ,
544 5041 606 5140 (⁰)
659 5043 811 5118 Exstant
827 5045 919 5122 duae
937 5041 1015 5123 ilar
1032 5047 1072 5126 in
1090 5050 1410 5157 Museossorgiano
1433 5051 1637 5138 charactere
1663 5068 1701 5128 et
1727 5043 1971 5151 linguam·-

440 5139 738 5260 laiom·Taniurze
767 5148 992 5252 descriptae.
1716 5201 1722 5212 ,
