4612 6268
490 583 806 714 Bibliothecae
853 591 909 688 R.
931 471 1162 684 Parisinai(
1188 462 1457 684 {fficiam
1485 623 1562 686 ms.
1601 622 1729 686 num.
1768 625 1878 718 2¹5·
1920 596 2009 696 sub

492 755 718 880 corrupto
736 724 948 823 lemmate
965 733 1127 859 Mouge
1140 721 1293 842 biddu,
1314 750 1358 822 et
1373 725 1567 862 Bopdeva
1583 719 1648 853 (i)
1662 796 1674 821 .
1689 733 2005 831 Grammatico

497 917 919 1057 mosmos&
956 929 1366 1029 Sidhrintacaumudi
1380 997 1394 1051 ,
1410 965 1491 1030 seu
1521 937 1772 1030 Pervicacia
1798 940 1842 1032 in
1864 923 2008 1074 inqtii·

495 1137 626 1236 renda
665 1135 755 1232 luce
795 1139 1043 1272 inscripta,
1075 1143 1204 1264 cujus
1235 1171 1375 1272 supra
1408 1140 1456 1235 in
1488 1142 1789 1238 annotatione
1816 1145 1882 1268 )c(
1912 1176 2004 1239 mc·

475 1275 747 1391 minimus,
772 1276 1024 1410 Vopadivae
1058 1311 1176 1410 opus
1210 1305 1355 1372 aetate
1387 1309 1470 1374 sua
1504 1273 1765 1394 antecellit,
1794 1279 1874 1375 sed
1910 1271 2002 1378 hoc

497 1445 656 1533 teste„
678 1417 771 1538 jam
812 1411 996 1511 laudato
1033 1422 1096 1512 D.
1133 1422 1298 1540 jones,
1340 1412 1534 1512 lucidius
1580 1445 1627 1512 et
1664 1418 1864 1548 apertius
1904 1446 2005 1514 cst.
2047 1441 2050 1454 '

499 1621 859 1719 Grammaticam
919 1645 1158 1718 sumnum
1183 1634 1422 1715 Sarasvata
1439 1619 1732 1718 commendat
1746 1625 1798 1718 R.
1814 1623 2007 1741 P.Pons,

427 1946 431 1967 Ι
497 1857 544 1925 et
577 1834 631 1926 R.
648 1831 697 1924 P.
727 1825 971 1922 Cassianus
997 1822 1265 1963 Beligattius
1297 1825 1384 1922 sub
1402 1827 1582 1962 vulgari
1614 1857 1658 1923 et
1681 1845 1905 1956 corrupto
1925 1859 2008 1922 no·

496 1969 618 2064 mine
648 1979 873 2058 Suoarasot
904 1997 1011 2096 pag.
1043 2001 1151 2091 104·
1184 1963 1427 2094 Alphabcti
1447 1965 1732 2062 Brahmanici
1764 1995 1843 2058 seu
1863 1961 2008 2058 Indo·

495 2105 611 2200 stani
636 2170 647 2196 .
676 2098 801 2198 Idem
830 2131 1163 2232 commemorat
1190 2103 1576 2234 lfs'dcaranamsub
1597 2099 1773 2202 inculto
1802 2099 2005 2200 vocabu·

495 2241 544 2338 lo
577 2231 762 2350 Bitiam
798 2246 816 2365 (
833 2275 940 2374 pag.
966 2273 1049 2362 49.
1087 2237 1334 2364 ibidem).
1369 2243 1452 2337 His
1490 2238 1765 2338 coronidem
1804 2238 2007 2369 imponi-

223 2387 238 2436 ·'
364 2485 394 2521 ,χ
494 2412 596 2476 mus
626 2407 808 2477 nostrae
851 2379 896 2474 in
932 2375 1108 2475 Indicas
1139 2381 1458 2512 grammaticas
1499 2375 1859 2510 disquisitioni,
1899 2410 2005 2473 nam

494 2513 748 2650 vulgarium
783 2517 1178 2649 grammaticarum
1203 2518 1338 2648 copia
1371 2515 1569 2615 affluunt
1593 2509 1804 2648 singulae
1828 2512 2009 2608 sindbe-

495 2657 609 2754 stam'
638 2655 931 2784 provinciae,
956 2649 1037 2750 sed
1061 2651 1127 2768 ‘de
1162 2653 1232 2748 his
1254 2651 1391 2748 nobis
1426 2651 1580 2751 nullus
1611 2683 1681 2747 est
1712 2681 1866 2744 sermo
1886 2711 1902 2767 ,
1924 2652 2005 2780 qui

495 2789 648 2894 solius
674 2785 857 2884 literalis
896 2817 941 2885 et
970 2789 1167 2920 purioris
1194 2787 1575 2890 Samscrdamicac
1602 2789 1788 2922 linguae
1822 2815 2006 2913 praece·

494 2958 573 3063 pta
626 2917 844 3026 tradenda
880 2927 1162 3059 suscepimus
1199 2995 1212 3023 .
1247 2925 1484 3025 Dialectos
1522 2924 1700 3025 Indicas
1754 2951 1809 3014 ex
1845 2917 2004 3053 lingua

496 3131 855 3238 Samscrdamica
900 3164 1044 3233 matre
1085 3131 1376 3234 dimanantes
1416 3204 1434 3258 ‚
1479 3159 1740 3269 quaesunt
1799 3129 2005 3280 W

493 3347 674 3477 Nagri,
710 3374 788 3438 scu
817 3344 1067 3468 Nagarica,
1104 3329 1404 3456 Guzaraticlt,
1440 3340 1696 3472 magalim,
1738 3341 1889 3430 Gcana
1919 3359 1999 3424 seu

497 3479 721 3595 concina,
749 3473 1060 3589 Marisbtica,
1093 3475 1289 3612 Telisgica
1319 3510 1399 3572 scu
1427 3475 1635 3609 Talinga,
1659 3472 1801 3602 vulgd
1832 3463 2004 3562 Vadaca

496 3619 648 3732 dicta,
681 3615 892 3710 caesarina
926 3675 941 3726 ,
976 3609 1573 3730 Tamalica,.Malabarica,
1605 3607 1835 3708 Sinhalaea
1875 3633 2003 3697 sacra

495 3759 543 3856 in
580 3747 724 3850 insula
759 3747 1039 3882 Stnhuladipa
1076 3783 1153 3846 seu
1188 3747 1373 3876 Ceylan,
1410 3763 1604 3884 regnans
1637 3748 1817 3842 Avensis
1845 3771 2007 3856 sacra,

495 3893 596 3990 Pili
631 3915 924 4018 nuncupata,
960 3921 1011 3982 ac
1048 3882 1248 4020 denique
1282 3886 1498 4006 Zendicu³
1531 3891 1624 4008 jam
1655 3881 1763 3980 alibi
1793 3905 2003 3976 accurate

500 4063 545 4130 et
580 4026 820 4162 diligenter
855 4027 1199 4142 recensuimus,
1227 4025 1424 4122 invicem
1463 4021 1772 4136 contulimus,
1814 4045 1860 4112 et
1899 4043 2005 4143 pro·

497 4170 641 4302 ducto
669 4163 920 4264 multorum
948 4159 1279 4262 vocabulorum
1312 4165 1493 4300 agmine
1527 4157 1858 4268 ,illustravimus
1892 4148 2004 4284 (l).

600 4485 662 4585 (k)
714 4484 911 4581 catalogus
937 4483 1116 4558 Codicum
1143 4482 1385 4557 Orientalium
1419 4505 1503 4556 mss.
1532 4479 1778 4557 Bibliothecae
1804 4479 1877 4569 ts,
1904 4469 2002 4548 Pari·-

384 4599 394 4616 ‘
498 4587 587 4678 siis,
619 4611 664 4662 cx
689 4585 939 4688 Typographia
965 4584 1103 4682 Regis,
1135 4605 1241 4682 1739·
1262 4581 1333 4676 fol·
1350 4603 1438 4676 434.

368 4695 373 4708 '
602 4689 676 4788 (l)
731 4689 817 4760 Vide
840 4707 933 4782 opus
961 4687 1204 4785 inscriptum:
1230 4688 1351 4762 Musei
1373 4683 1545 4780 Borgiaui
1586 4681 1735 4784 Codices
1759 4673 2004 4776 Masuscrtps
2098 4683 2101 4697 ¹

500 4791 692 4882 Avensa,
718 4791 876 4883 regnam·
888 4837 903 4880 ,
926 4788 1104 4879 stantes,
1135 4787 1383 4876 Metubarm',
1416 4785 1601 4860 Indostani
1631 4779 2002 4862 animadversionibus

501 4895 665 4991 castigati
683 4911 720 4968 et
743 4891 918 4965 illustrati
930 4938 943 4979 ,
967 4893 1103 4965 Romae
1135 4909 1274 4988 1793·,
1302 4915 1383 4988 pag.
1398 4910 1432 4960 a·
1446 4907 1484 4962 et
1497 4907 1598 4983 seqq·
1615 4935 1629 4974 ,
1649 4913 1728 4988 pag.
1747 4905 1807 4979 ςι·
1826 4901 1861 4956 ct
1876 4905 1977 4978 seqq.
1989 4923 2006 4968 ,

500 4997 563 5072 ubi
590 4997 744 5098 analysis
771 4993 875 5066 datur
896 4992 1073 5066 orationis
1098 4993 1313 5066 Dominicae
1336 4990 1444 5064 variis
1473 4987 1638 5064 dialectis
1665 4991 1883 5063 adornatae.
1901 4985 2004 5058 Con.-

488 5099 542 5204 fer
567 5117 784 5208 psgyxurr·
816 5111 855 5172 et
885 5115 1022 5172 xvrtr·
1048 5095 1088 5171 io
1113 5095 1378 5170 Dissertatioue
1404 5093 1448 5167 de
1473 5090 1706 5190 Antiquitas
1746 5105 1781 5166 et
1813 5081 2006 5186 Affinitate
