4612 6268
439 324 449 368 t

400 625 419 632 μ
942 495 981 602 l(
1006 491 1206 638 XVllll
1309 641 1316 648 1

238 825 241 832 ,
319 687 775 845 significationemet
800 681 1194 817 sensumexplicat
1216 636 1824 826 acerpedit.'7e3fflsi?,⁴.a
1966 801 1970 808 ¹

314 909 532 1048 gibaima,
570 895 651 1000 seu
679 897 866 1032 djitirza
888 958 904 1012 ,
923 881 1207 1026 astrologia,
1225 923 1306 986 scu
1339 885 1526 984 scientia
1554 883 1821 1022 stellarum,
1964 901 1977 912 '

330 1141 390 1204 aa
416 1131 475 1206 ru»
515 1100 750 1233 (sabauda,
782 1096 931 1198 forna
960 1124 1178 1212 venusta,
1196 1085 1285 1192 seu
1309 1091 1580 1214 Prandium,
1618 1090 1745 1226 quod
1767 1090 1827 1192 de

321 1301 596 1441 syllabarum
628 1336 880 1424 mensura,
906 1297 1222 1415 carminibus,
1249 1296 1455 1396 versibus
1477 1329 1555 1418 ,et
1586 1297 1823 1434 rythmicis

320 1443 738 1576 compositionibus
763 1468 954 1538 tractat.
993 1444 1122 1532 Haec
1145 1436 1308 1531 omnia
1328 1469 1531 1532 consona
1564 1432 1674 1534 sunt
1703 1435 1824 1534 libro

325 1580 693 1700 deadarshana,
724 1611 833 1675 mox
864 1571 1143 1692 laudato‚in
1179 1607 1275 1702 quo
1307 1569 1562 1672 eademsex
1599 1573 1823 1708 legissent

324 1696 460 1812 Variae
497 1717 703 1814 membra
736 1743 1059 1823 recensentur,
1083 1739 1132 1806 ut
1164 1706 1356 1839 proinde
1378 1707 1433 1804 de
1451 1709 1715 1840 rsjlcasanae
1736 1705 1831 1807 eui·v

323 1855 570 1950 scentia-et
602 1854 869 1984 antiquitate
903 1847 1109 1946 dubitare
1136 1879 1234 1942 non
1262 1843 1393 1942 liceat
1426 1850 1509 1971 (a)
1538 1915 1557 1940 ..
1594 1843 1667 1944 Ad
1705 1846 1821 1944 hanc

323 1983 576 2087 referuntur
603 1984 969 2123 maguboldus,
1003 1985 1319 2080 Grammatica
1341 1981 1724 2101 Samst'rdamica',
1747 2019 1821 2084 au-

322 2151 452 2221 ctore
493 2119 757 2261 Vpadiva,
785 2125 871 2254 qui
910 2118 996 2218 fuit
1032 2120 1237 2216 Gisvhmi
1279 2155 1359 2218 seu
1399 2122 1817 2256 gymnosophista.

323 2263 534 2358 Meminit
567 2262 704 2385 'hujus
736 2261 1057 2392 grammaticae
1091 2262 1153 2351 D.
1175 2263 1310 2380 Joncs
1346 2259 1392 2352 in
1429 2260 1820 2356 commentatione

320 2393 372 2491 in
406 2397 577 2501 librum
614 2395 943 2532 Vrdjadersheaa
978 2462 993 2489 .
1028 2390 1198 2490 Eadem
1229 2401 1489 2492 radicetur
1529 2398 1575 2492 in
1607 2393 1831 2532 catalogo

422 2662 493 2763 (ι’)
542 2667 640 2740 Cum
663 2657 905 2738 Amararinha
935 2678 1040 2736 suum
1059 2659 1209 2760 linguae
1231 2660 1524 2738 'Samsortansicae
1550 2657 1818 2737 Dictionarium

321 2761 360 2836 in
388 2763 456 2838 tria
482 2765 601 2862 capita
626 2783 688 2838 seu
708 2759 848 2838 cdndha
863 2813 876 2852 ,
903 2781 940 2838 et
968 2781 1029 2857 27.
1055 2763 1232 2837 sectiones
1261 2763 1412 2836 divisum
1442 2764 1508 2836 sub
1535 2761 1679 2838 initium
1707 2762 1819 2836 seculi

322 2863 443 2937 ultimi
474 2867 769 2938 antechristum
798 2883 922 2938 natum
951 2864 1217 2962 composuerit,
1245 2863 1349 2938 etin
1381 2885 1425 2937 eo
1445 2855 1665 2965 lljtlcaraaae
1693 2863 1818 2937 memi·
1939 2931 1943 2948 ,

323 2963 418 3038 uerit
446 3011 459 3052 ,
486 2961 556 3038 fide
583 2965 753 3040 historica
779 2983 914 3039 certum
937 2983 975 3038 et
993 2966 1222 3065 perspicuum
1242 2969 1320 3053 es't,
1342 2984 1429 3038 aute
1461 2964 1573 3063 ipsius
1603 2985 1728 3040 aarum
1748 2965 1818 3038 hoc

286 3063 289 3070 ’
322 3065 588 3166 grammaticale
610 3089 703 3163 opus
727 3066 763 3139 in
786 3067 888 3140 India
909 3087 1038 3140 uotum
1061 3083 1105 3142 et
1124 3068 1377 3163 pervulgatum
1406 3064 1538 3156 fuisse;
1564 3067 1594 3140 is
1621 3067 1716 3139 enim
1744 3089 1819 3142 non

322 3186 416 3240 nova
442 3184 478 3240 ct
502 3167 666 3250 recentia
691 3191 712 3240 a
734 3191 771 3241 se
796 3183 917 3242 creata
937 3183 1000 3242 aut
1022 3162 1198 3256 conficta,
1213 3165 1275 3240 scd
1293 3166 1474 3264 antiqua,
1497 3192 1517 3240 a
1535 3165 1731 3263 majoribus
1743 3183 1820 3242 :tra-

324 3265 428 3356 dita,
454 3283 563 3364 atque
586 3268 659 3366 jam
682 3269 817 3344 dudum
843 3269 881 3341 in
908 3266 971 3342 illa
1001 3267 1148 3366 regione
1174 3265 1361 3342 notissima
1394 3266 1432 3340 in
1458 3289 1561 3342 suum
1593 3267 1751 3342 codicem
1767 3291 1822 3341 re·

326 3369 440 3456 tulit3
467 3366 567 3466 quod
594 3391 639 3442 ex
667 3367 846 3444 diuisione
877 3362 993 3442 Vidua
1018 3369 1058 3439 in
1086 3389 1149 3442 sex
1175 3383 1313 3464 partes,
1336 3367 1487 3466 aliisque
1509 3368 1661 3442 'indiciis
1696 3366 1821 3467 aperte

327 3469 533 3570 colligitur·
560 3470 683 3544 Potest
710 3469 831 3568 itaque
859 3462 939 3566 jure
965 3466 1124 3558 merito,
1149 3469 1236 3546 haas
1266 3467 1388 3556 ludica
1415 3471 1655 3570 grammatica
1682 3487 1822 3546 tutare
1868 3547 1872 3554 ,

325 3571 368 3645 de
391 3571 609 3670 antiquitate
633 3596 714 3646 curn
744 3593 972 3668 quacumque
1001 3570 1233 3670 grammatica
1260 3565 1402 3656 latina3
1438 3597 1518 3644 nam
1561 3591 1601 3646 ut
1625 3571 1824 3648 Suetonius

328 3674 451 3746 Gram.
477 3697 509 3744 c.
529 3695 560 3746 r.
584 3697 621 3744 n.
638 3692 671 3746 ι·
694 3673 770 3746 ait:
789 3669 1302 3769 utmu1,quantum-0prnor,
1322 3671 1477 3746 stadium
1499 3677 1754 3768 grammaticae
1780 3677 1821 3745 la

324 3774 445 3848 urbem
467 3773 595 3846 intulit
617 3777 747 3848 Crates
770 3775 964 3862 Mallotes,
992 3770 1201 3846 Aristarchi
1228 3771 1412 3869 aequalis,
1452 3776 1514 3871 qai
1539 3777 1658 3848 missus
1688 3774 1735 3848 ad
1757 3776 1821 3850 Se·

323 3889 445 3948 natum
469 3875 515 3946 ab
532 3873 660 3948 Attalo
688 3897 769 3970 rege
793 3875 889 3946 inter
917 3873 1106 3948 secundam
1134 3897 1175 3947 ac
1203 3875 1346 3947 tertium
1376 3874 1508 3949 bellum
1532 3873 1703 3950 Punicum
1722 3913 1734 3936 ·
1750 3879 1822 3950 An·

323 3990 383 4048 tea
413 3971 547 4048 Romae
577 3976 750 4073 loquendi
776 3974 1025 4070 scribendique
1057 3977 1115 4048 lex
1146 3991 1222 4048 erat
1255 3975 1380 4073 populi
1407 3977 1664 4051 consuetudo.
1690 3979 1741 4050 ht
1766 4001 1821 4052 vc·

323 4098 366 4148 ro
391 4073 503 4150 Crate
519 4073 673 4152 Mallote
693 4075 841 4150 indicos
871 4075 1108 4172 Philosophus
1122 4073 1570 4175 Paainiam,-Cdtajanaar
1600 4076 1818 4178 etPatanja-

326 4175 412 4252 liam
440 4199 529 4249 aevo
545 4178 747 4273 superiores
770 4175 912 4265 luisse,
936 4201 1010 4249 non
1039 4179 1144 4252 datur
1167 4177 1356 4250 dubitandi
1386 4183 1486 4252 lacus
1500 4227 1514 4267 ,
1543 4178 1575 4251 si
1600 4181 1660 4250 uel
1687 4182 1821 4253 leviter

327 4278 605 4368 animadvertas,
634 4277 792 4352 Indicam
822 4277 1086 4376 Philosophiam
1113 4301 1153 4350 ac
1180 4279 1348 4351 scientias
1377 4303 1465 4352 aevo
1490 4279 1681 4354 Alexandri
1704 4289 1751 4354 M·
1780 4281 1819 4355 in

328 4401 393 4450 suo
421 4377 575 4451 culmine
598 4379 827 4452 constitisse·
854 4379 929 4452 Nec
958 4379 1086 4452 desunt
1100 4378 1313 4453 intrinsecae
1337 4379 1496 4453 rationes
1513 4405 1580 4478 pro
1598 4381 1818 4476 antiquitate

325 4475 494 4565 Papinii,
521 4477 626 4574 hujus
651 4479 794 4554 Indicae
821 4479 1075 4576 grammaticae
1096 4481 1283 4555 auctoris.
1315 4479 1495 4580 Patanjali
1531 4501 1585 4556 est
1613 4489 1738 4556 auctor
1765 4508 1821 4558 se·

322 4595 404 4652 ctae
430 4579 697 4676 philosophicae
714 4578 901 4680 Patanjula
927 4577 1103 4654 derthona
1134 4582 1252 4657 dictae
1276 4607 1406 4680 ,quae
1433 4581 1592 4682 Sankhja
1615 4601 1699 4674 cst,
1732 4609 1818 4660 cou-

321 4679 514 4778 templatio
540 4701 670 4778 nempe
695 4705 813 4756 rerunt
841 4704 920 4754 cum
949 4679 1097 4756 inavara
1123 4705 1183 4758 seu
1199 4677 1459 4782 nominaque
1482 4685 1620 4758 animus
1646 4681 1691 4758 ad
1708 4711 1820 4785 quan·

324 4779 406 4854 darn
437 4779 624 4877 quietem,
650 4779 1046 4882 stoicaephilosophiae
1069 4784 1314 4883 peculiarem,
1340 4785 1506 4859 ducitur.
1534 4788 1728 4884 Supersunt
1758 4789 1821 4860 ho·

330 4880 471 4954 dicdum
494 4880 537 4952 in
563 4881 667 4956 ludia
696 4883 800 4980 hujus
825 4883 968 4957 scholae
993 4901 1031 4960 et
1057 4903 1173 4960 sectae
1204 4885 1381 4986 vestigia.
1407 4886 1491 4985 Ejus
1523 4887 1671 4962 initium
1697 4907 1733 4963 et
1749 4887 1823 4962 ori·

324 5003 375 5078 go
399 4981 445 5056 ad
473 4981 724 5080 septingentos
746 4983 892 5058 circiter
917 5010 1030 5062 annas
1061 4985 1359 5066 antechristum
1381 5009 1505 5066 natum
1537 4988 1711 5064 nonsine
1736 4989 1823 5065 vali-
1846 5017 1854 5028 ··
1888 4999 1891 5008 ’
1976 5009 1981 5018 ·

323 5079 383 5156 dis
414 5081 636 5180 conjecturis
658 5083 764 5183 rejici
782 5101 945 5184 potest.
1041 5133 1045 5142 ·
1304 5121 1308 5128 ·

1458 5226 1488 5290 C
