4612 6268
1129 473 1337 588 limi(

483 585 687 692 dendum
723 623 819 690 erat
855 593 1060 728 pluribus
1099 601 1504 722 instructionibus,
1541 637 1657 734 quac
1688 599 1986 738 requirebm·

487 758 562 826 tur
599 797 618 849 ,
657 732 694 825 si
730 732 1007 866 opusculum
1044 733 1156 832 illud
1193 743 1431 872 europaeis
1472 742 1578 838 viris
1600 808 1616 861 ,
1639 745 1779 858 omni
1822 739 1993 840 Indico*

485 865 767 965 adminiculo
791 869 1017 971 destitutis
1035 871 1370 994 ,dedicandum
1390 877 1545 976 fuisset
1568 951 1579 974 .
1611 877 1831 995 Accedit,
1849 875 1984 1008 quod

483 1009 780 1139 grammatica
817 1007 895 1105 illa
927 1011 1073 1110 brevis
1104 1015 1163 1108 sit
1190 1021 1400 1148 synopsis
1432 1017 1751 1150 grammaticae
1786 1049 1988 1148 magnae

482 1142 965 1279 Brakmanicac,quam
984 1151 1267 1283 saintegram
1294 1155 1607 1252 Geanthamr'cit
1631 1150 1863 1250 clementis
1883 1185 1990 1248 ettam

483 1311 627 1378 ratam
660 1283 975 1404 tradidissem,
1013 1325 1111 1385 eam
1143 1291 1216 1384 vix
1242 1293 1443 1423 quinque
1480 1289 1790 1388 voluminibus
1835 1285 1984 1384 absol·

482 1420 681 1519 uissem.
718 1429 862 1522 Porro
906 1427 1155 1526 cumhaec
1191 1428 1288 1560 ipsa
1331 1463 1424 1525 non
1460 1429 1609 1526 solum
1643 1429 1781 1524 nimia
1824 1422 1986 1522 cedun-

448 1561 451 1566 ’
483 1553 635 1656 dantia
671 1591 716 1656 et
748 1561 1045 1692 amplitudine
1076 1562 1282 1681 laboret,
1318 1563 1399 1661 sed
1443 1569 1583 1664 etiam
1619 1565 1825 1698 plurimis
1870 1555 1982 1658 diffi-

483 1695 734 1793 cultatibus
766 1702 824 1794 sit
848 1702 1056 1798 intricata
1079 1700 1374 1832 ,apostolicis
1405 1705 1510 1800 viris
1532 1701 1834 1803 manuductio
1853 1735 1986 1830 quae-

347 1868 355 1878 ·
482 1829 586 1928 dam
624 1842 955 1964 pernecessaria
994 1837 1115 1954 fuit,
1155 1875 1317 1970 qnae,
1345 1842 1392 1935 in
1425 1875 1634 1940 sermone
1673 1845 1770 1964 jam
1809 1833 1984 1935 dudum
2066 1873 2071 1886 ·

483 1970 699 2089 exoleto,
732 2009 814 2104 per
848 1980 947 2074 auia
977 2008 1021 2074 et
1043 1975 1174 2072 devia
1214 1979 1423 2074 semitam
1466 2003 1888 2092 commonstraret,
1921 2001 1982 2069 at

483 2144 575 2238 que
605 2107 662 2204 ad
697 2111 921 2210 abstrusas
967 2115 1101 2240 hujus
1141 2117 1353 2211 scientiae
1383 2149 1531 2248 partes
1564 2117 1737 2216 aditum
1760 2114 1990 2246 aperitet,

483 2243 575 2341 Sed
600 2245 667 2340 his
698 2252 833 2344 satis:
871 2254 971 2379 quis
1014 2253 1135 2347 enim
1174 2251 1389 2350 omnibus
1426 2257 1589 2390 ineptis
1626 2247 1981 2385 quaestiunculis

480 2379 735 2482 satisfacere
769 2384 944 2506 valeat,
983 2418 1064 2485 aut
1100 2386 1402 2488 luxuriantem
1438 2393 1736 2492 Eruditorum
1779 2421 1983 2519 quorun·

480 2585 585 2689 dam
611 2594 1125 2726 piinmcoetceat?1am
1159 2567 1272 2736 ergo
1301 2593 1366 2694 ad'
1384 2628 1676 2746 &uetusta
1700 2595 1992 2726 decaranam·

481 2826 796 2896 transeamus,

617 2943 702 3034 Est
731 2938 973 3071 macareus
1009 2939 1084 3040 iila
1123 2945 1280 3068 major·
1301 2943 1629 3042 Brairmanicae·
1644 2938 1981 3037 Grammaticos

479 3105 617 3204 pars,
655 3077 780 3207 quae·
808 3079 1049 3177 nominum
1074 3109 1120 3178 et
1146 3081 1392 3181 verborum
1418 3077 1739 3178 inflexionibus
1760 3075 1983 3190 seclusis,

477 3207 632 3346 longo·
661 3209 886 3330 artificio,
910 3247 956 3312 et
991 3221 1196 3316 maxima·-
1219 3220 1485 3356 tegularum·
1518 3217 1731 3319 ubertate·
1756 3216 1981 3328 immina,

477 3348 614 3448 serbe
632 3418 655 3466 ‚.
688 3348 929 3468 adverbio,
956 3359 1230 3487 participia,
1259 3389 1309 3452 et
1333 3357 1528 3486 reliquas
1566 3356 1792 3451 orationis
1828 3378 1978 3481 partes

473 3489 748 3602 connectit,
775 3517 1045 3620 attemperat
1061 3494 1368 3610 ,-concinuat,
1391 3497 1553 3622 eisque
1578 3488 1879 3622 elegantiam,
1902 3483 2017 3582 oti-f⁸

476 3653 672 3742 natum,
701 3653 749 3719 et-
779 3655 1072 3722 vcnustatem
1107 3627 1264 3746 addit,
1305 3633 1396 3760 qud
1433 3627 1734 3757 conspicuae,
1767 3629 1820 3720 in·
1840 3657 1982 3756 prosa

479 3789 530 3855 et
558 3794 696 3856 versu
722 3764 826 3891 apte
859 3791 904 3856 et
938 3760 1104 3860 decore
1142 3800 1414 3897 comparere·
1446 3767 1623 3896 possint
1647 3759 1750 3885 (b).
1786 3769 1856 3858 Ea.
1886 3795 1981 3892 pto·

473 3898 717 4031 regionum
751 3895 1008 4012 diuersitate
1043 3904 1177 4000 uariis
1218 3903 1559 4000 elementorum
1584 3896 1753 3994 fonnis·
1780 3900 1976 3996 conseri

477 4065 560 4166 pta
593 4065 697 4130 cst,
728 4038 888 4132 Literis
919 4040 1260 4174 Divanagarieis
1291 4069 1484 4138 utuntur
1511 4037 1782 4134 Brahmancs
1821 4033 1978 4130 borea·

478 4171 534 4267 lis
564 4171 761 4286 indiae,
812 4173 1024 4308 Telugicis
1054 4213 1138 4276 seu·
1175 4177 1464 4312 Taletgam'cis
1499 4173 1678 4272 incolae
1716 4169 1976 4270 mediterra-

418 4325 426 4334 '
478 4313 579 4427 nei,
614 4332 696 4407 seu·
728 4314 777 4406 in·
803 4313 1045 4442 peninsula·
1064 4313 1216 4410 Indiae
1245 4319 1396 4442 media
1425 4312 1642 4448 degentes
1664 4346 1685 4424 ς
1705 4307 1979 4408 Θνιητὺαιηίν

478 4453 537 4545 tis
569 4450 840 4545 Brahmanes
879 4450 1080 4548 australis
1125 4449 1310 4572 Indiae,
1348 4487 1472 4584 quae
1507 4485 1708 4586 regnum
1740 4447 1982 4562 Curetida,

472 4597 679 4702 Cottam,
710 4590 944 4704 Meister,
987 4587 1299 4724 Mabaja‘lam,
1334 4601 1562 4709 Matura,
1588 4599 1773 4721 Tanjaue
1794 4653 1809 4703 ,
1832 4614 1881 4680 et
1906 4617 1979 4681 to»

481 4755 573 4823 tam
609 4721 1011 4824 Corontandelidis
1045 4725 1577 4851 (Trebilamandbalam)
1615 4757 1749 4824 oram
1780 4719 1982 4854 comple,—

581 4985 642 5084 (b)
694 4985 839 5084 Perlege
866 4985 927 5058 ilia
942 5031 959 5072 ,
984 5010 1076 5084 quae
1110 4987 1158 5061 de
1181 4987 1335 5082 Syntaxt
1362 4934 1595 5065 masmanna
1632 4980 1727 5059 iufra
1759 4997 1849 5084 page
1866 4999 1983 5082 125³,

473 5103 512 5162 ct
528 5105 613 5190 pag.
640 5108 723 5208 rap.
750 5088 787 5162 in
813 5089 881 5166 hac
917 5106 1044 5164 nostra
1080 5087 1323 5165 Grammatiea
1349 5086 1578 5168 afferuntur·
