4604 6274
436 481 643 675 hlhtan,
674 554 840 662 Graecis
867 517 1060 680 eliphal,
1088 555 1512 676 Romanisssornlyxe
1539 580 1653 648 etex
1673 559 1746 648 hac
1772 563 1857 680 ipsa
1872 587 1953 656 tto·

439 704 685 806 menolatum
711 697 922 815 arguitur,
955 715 1043 776 eam
1073 701 1157 780 etse
1195 688 1363 802 originis
1393 686 1556 779 Indicae
1577 747 1600 776 ,.
1635 687 1868 780 Conficitur
1905 721 1957 784 ει

439 829 699 931 recrementis
726 823 981 916 sindonum,
1011 841 1117 931 quae
1146 813 1246 904 dnm
1279 835 1451 906 contusa
1472 837 1513 903 et
1542 813 1698 931 glutine
1724 841 1869 934 oryzae
1888 837 1958 910 co.

439 983 530 1048 ctae
585 951 772 1042 adstricta
817 969 857 1033 et
902 942 1099 1059 perpolita
1155 963 1292 1040 runt,
1339 935 1519 1028 efficiunt
1574 941 1740 1030 nitidam
1800 943 1955 1048 illam,

440 1084 624 1174 stabilem
678 1100 723 1164 er
774 1074 947 1190 rigidam
986 1068 1204 1166 charran,
1237 1092 1342 1180 quae
1385 1093 1572 1184 magnam
1607 1063 1686 1156 fert
1719 1090 1958 1162 uetustatem

441 1235 486 1298 et
521 1231 695 1300 nostram
728 1211 972 1316 europae'am
989 1221 1186 1314 papyrum
1213 1189 1340 1306 longe
1360 1214 1551 1306 superat.
1580 1199 1632 1280 Le
1647 1192 1785 1302 papiae
1797 1197 1848 1280 dr
1863 1189 1957 1282 l'ln·

443 1340 496 1424 de
520 1353 579 1420 est
595 1331 689 1446 fait.
708 1335 757 1418 dr
789 1328 1114 1440 ingrederetur,
1141 1338 1180 1404 er
1197 1317 1335 1406 reduit
1352 1317 1402 1408 de
1421 1319 1516 1402 colle
1542 1321 1593 1404 rie
1617 1320 1676 1404 ris
1695 1323 1779 1420 ,ait
1795 1319 1959 1439 Anque·
2056 1417 2061 1424 ,
2169 1329 2174 1336 “

444 1461 490 1548 til
515 1463 571 1548 du
603 1463 785 1545 Petron.
821 1457 886 1540 De
918 1453 991 1535 hac
1022 1447 1181 1532 erudite
1215 1444 1370 1536 disserit
1393 1445 1563 1560 Bayerus
1588 1447 1631 1530 in
1662 1449 1810 1536 Museo
1844 1451 1955 1536 Sint.

442 1611 528 1688 cu,
560 1609 661 1672 torn.
686 1613 723 1668 r.
751 1608 842 1696 pag.
867 1589 941 1684 76.
965 1597 1119 1688 etseq.
1141 1569 1238 1659 edit.
1267 1571 1453 1680 retropot.
1471 1596 1619 1686 ,atque
1649 1599 1698 1658 ex
1730 1571 1787 1662 ibi
1811 1573 1958 1673 dictis,
2031 1571 2040 1578 ”

443 1737 486 1802 et
512 1741 535 1798 tt
566 1714 684 1798 nobis
713 1707 804 1798 heic
829 1704 959 1794 relatis
987 1700 1132 1787 erroris
1156 1698 1375 1784 revincitur
1393 1697 1751 1806 Montesalrortr'us,
1783 1723 1826 1786 et
1853 1705 1960 1788 Mat·

441 1841 539 1929 chio
563 1833 765 1954 Maffrus,
795 1833 866 1945 qui
892 1825 1172 1922 contendunt,
1189 1821 1366 1912 chartam
1393 1821 1663 1908 lambertum
1689 1851 1773 1916 nort
1808 1827 1881 1912 nisi
1898 1853 1959 1912 se·

445 1965 542 2050 culo
571 1966 639 2047 lx.
658 1965 701 2044 in
725 1979 905 2043 extremo
930 1954 1097 2036 Oriente
1129 1947 1308 2060 primitiis
1336 1945 1481 2032 confici
1510 1951 1716 2061 coepisse,
1749 1973 1872 2068 atque
1901 1979 1961 2040 se·

424 2091 542 2175 ‘culo
560 2091 610 2170 X.
644 2077 1049 2189 Constantinopolim
1073 2074 1358 2169 advectam,et
1384 2075 1479 2158 inde
1509 2075 1551 2157 in
1583 2074 1731 2162 Italiam
1764 2079 1958 2188 perlatam

448 2212 571 2302 luisse
608 2269 620 2294 .
651 2209 812 2324 Utique
843 2207 961 2318 otigo
994 2202 1080 2306 ejus
1109 2222 1182 2284 aut
1217 2197 1389 2298 Indica,
1421 2223 1489 2284 aut
1515 2201 1649 2289 Sinica
1696 2225 1791 2300 est,
1824 2231 1960 2320 neque

445 2341 534 2448 ejus
571 2357 772 2431 vetustas,
807 2355 846 2416 et
868 2333 1059 2443 antiquus
1091 2353 1185 2414 usus
1217 2325 1324 2437 apud
1356 2325 1579 2410 Orientales
1613 2327 1842 2442 impugnari
1877 2355 1960 2442 po.

444 2485 519 2550 test
542 2495 591 2549 ex
612 2488 687 2561 eo,
705 2461 821 2575 quod
833 2459 943 2570 apud
959 2481 1031 2538 nos
1051 2453 1444 2538 tardius.innotuerit
1461 2511 1472 2534 .
1495 2454 1707 2568 Quaenam
1721 2457 1831 2538 enim
1854 2457 1961 2542 inter

446 2617 523 2679 nos
549 2613 591 2675 et
616 2587 743 2674 Indos
778 2583 831 2670 ab
852 2581 1045 2696 ¹Augusti
1087 2579 1296 2664 Octaviani
1332 2603 1594 2693 aereusque
1631 2580 1681 2666 ad
1716 2580 1898 2666 seculum
1923 2617 1960 2666 x.

447 2738 529 2803 tam
559 2710 723 2829 pacifica
745 2708 1061 2796 communicatio
1098 2706 1343 2800 intercessit,
1377 2705 1561 2816 quisnam
1583 2727 1716 2791 certus
1743 2706 1837 2790 hinc
1865 2711 1962 2795 inde

309 2941 315 2951 Ι
447 2843 636 2926 transitus
672 2836 781 2936 luit,
817 2860 862 2919 ur
896 2859 995 2918 artes
1033 2830 1290 2926 orientales,
1323 2851 1364 2912 et
1396 2831 1608 2942 praecipue
1655 2831 1812 2917 chartae
1852 2835 1961 2918 bam·

421 2966 615 3076 „barinae
647 2991 739 3050 usus
774 2963 825 3048 ad
855 2989 928 3046 nos
962 2954 1246 3072 perferretur?
1276 2953 1381 3040 Vide
1410 2956 1461 3041 de
1490 2957 1568 3042 hoc
1599 2980 1840 3070 argumento
1859 2985 1965 3073 opu·-

211 3091 216 3101 ’
356 3152 359 3156 -
446 3093 602 3178 sculum
639 3092 910 3202 inscriptum:
944 3083 1085 3168 Norica
1116 3109 1188 3166 sur·
1214 3081 1640 3192 iales-Franpoisd'aul
1658 3079 1803 3170 Tauris
1822 3087 1960 3173 saint.

451 3219 638 3316 Vr'ncrns,
675 3217 698 3302 d
730 3217 841 3312 Arx,
874 3211 952 3296 An.
973 3241 1059 3294 vrrs.
1094 3235 1187 3322 pag.
1209 3235 1686 3317 aa-n23-24-q25„
1722 3209 1793 3294 ubi
1812 3215 1862 3297 de
1885 3239 1959 3298 usu

317 3409 323 3426 ,
430 3341 653 3444 saccini,
690 3343 935 3454 aliarumque
968 3365 1102 3422 rerum
1138 3363 1188 3420 ex
1225 3334 1392 3430 Oriente
1420 3337 1471 3420 ad
1501 3363 1574 3420 nos
1600 3335 1855 3422 advectorum
1890 3341 1961 3423 do·

382 3475 387 3482 ”
444 3491 509 3554 cte
540 3469 769 3562 disseritur,
803 3467 873 3550 sed
897 3463 1152 3548 advectarent
1177 3486 1277 3544 aero
1302 3461 1385 3568 jam
1403 3485 1662 3559 senescente,
1696 3463 1738 3546 id
1767 3483 1961 3576 esr,post

447 3593 553 3678 bella
585 3593 713 3704 vulgo
742 3591 850 3674 dicta
887 3587 1101 3686 Cruciara,
1136 3611 1175 3672 et
1207 3609 1348 3696 aperto
1374 3585 1958 3677 intet'Massillienses‘nautas
2068 3641 2070 3648 ·

445 3741 488 3804 ot
515 3707 970 3802 Orientis'mercatores
997 3709 1165 3823 pacifico
1194 3714 1480 3795 commercio.
1516 3707 1675 3797 Confer
1702 3713 1960 3812 Trombelli,

443 3849 503 3932 La
534 3837 832 3947 Diplonratira,
867 3839 1016 3951 Napoli
1061 3841 1192 3940 1780.
1226 3863 1318 3950 pag.
1341 3847 1541 3942 56-57.

572 3970 620 4050 ln
656 3993 804 4080 genere
836 3964 994 4048 chartae
1026 3963 1287 4048 bam‘bncinae
1318 3965 1580 4076 praecipuum
1616 3964 1756 4050 locunt
1796 3966 1961 4049 obtinet

444 4093 613 4179 crassior
634 4093 700 4174 illa
733 4093 923 4204 Peguana
955 4091 1089 4174 charta
1126 4089 1276 4172 coloris
1305 4090 1375 4173 atti
1407 4091 1510 4174 mito
1549 4113 1661 4174 textu
1691 4115 1732 4174 et
1761 4115 1962 4204 compage

443 4241 524 4305 tam
562 4219 753 4324 insignis,
783 4240 828 4300 ut
845 4217 1057 4321 maximam
1093 4235 1332 4298 vetustatem
1367 4210 1490 4299 ferat.
1525 4217 1586 4300 Ex
1617 4245 1664 4301 ea
1699 4215 1790 4300 libri
1810 4215 1961 4328 plicati-

443 4343 501 4430 les
536 4341 838 4440 conficiuntut,
873 4363 913 4425 et
936 4338 1034 4426 folia
1062 4339 1257 4452 plumbeo
1290 4340 1500 4426 haematite
1527 4365 1775 4426 exarantur.
1823 4345 1961 4426 Exstat

446 4467 567 4573 hujus
593 4445 751 4552 charta'e
782 4469 986 4580 specimen
1013 4469 1056 4549 in
1090 4465 1235 4560 Museo
1265 4468 1470 4581 Borgiano
1505 4468 1546 4550 in
1592 4467 1739 4558 codice¹
1767 4467 1960 4581 Peguano

408 4624 410 4628 ’
445 4592 613 4678 Ptabailt
633 4595 861 4706 inscripto,
889 4596 959 4709 qui
980 4624 1034 4674 ιν.
1054 4617 1147 4705 arga
1170 4591 1301 4700 hujus
1320 4593 1483 4678 chartae
1508 4589 1602 4676 folia
1626 4615 1833 4694 numerat.
1867 4591 1961 4674 Huc

443 4719 644 4832 pertinent
672 4719 868 4832 permulti
902 4719 1068 4805 codices
1099 4716 1297 4802 chartacei
1336 4717 1567 4802 bambacini
1599 4716 1869 4804 bibliothecae
1893 4740 1958 4798 te-

440 5019 561 5096 sarred
586 5037 620 5095 rc
648 5017 707 5096 tlte
733 5017 850 5116 nopai
875 5019 1013 5114 dociety
1040 5015 1081 5112 by
1107 5015 1172 5091 Sir
1195 5007 1367 5088 William
1396 5011 1471 5087 and
1496 5011 1591 5110 Lady
1608 5015 1744 5102 lones,
1772 5001 1815 5109 hu
1836 5003 1991 5096 char?

440 5121 492 5206 les
518 5119 712 5215 Wilkins,
738 5121 822 5224 esp.
852 5123 888 5196 F·
903 5124 947 5196 tt·
968 5118 1187 5198 &uu-From
1213 5115 1275 5192 the
1295 5115 1560 5218 Philosophical
1587 5114 1862 5199 transactionis·
