4552 6266
492 473 577 582 138

488 595 646 695 modo,
679 591 1012 739 postulanthune
1039 617 1206 691 casum,
1241 615 1278 674 e.
1266 614 1364 706 .g.
1389 576 1530 690 Raidr‘a
1561 577 1749 672 reinerius
1783 589 2016 700 nipraianst

493 749 564 808 rex
584 721 767 804 inimicos
781 713 1012 802 interfecit.
1039 712 1288 818 Meiaradja
1304 713 1488 799 sacctata
1504 711 1767 798 sitatrunnsim
1783 716 2008 836 diatayati,

493 849 715 958 Imperator
740 869 882 929 omnes
908 845 1040 928 hostes
1063 844 1255 940 occidit,
1288 839 1479 924 delevit.
1513 835 1660 926 utma
1679 839 2010 934 ralscdasannant

490 974 716 1081 paroatena
748 969 938 1078 pipesze,
968 963 1091 1052 Rdma
1125 968 1280 1109 larvas,
1315 967 1441 1108 malos
1470 964 1642 1080 genios,
1675 979 1816 1052 monte
1840 971 2007 1077 obruit,

391 1087 398 1096 ’
493 1091 719 1181 interfecit.
1682 1155 1688 1160 -

619 1219 688 1304 lV.
727 1221 905 1304 Nomina
934 1215 1204 1302 similitudinis
1227 1233 1296 1313 aut
1316 1214 1672 1315 dissimtlitudittit,
1702 1221 2006 1326 teucriusllbet

497 1348 807 1460 comparationis
838 1345 1057 1427 admittunt
1090 1342 1267 1428 dativum
1309 1366 1378 1428 aut
1411 1341 1630 1428 ablativum
1662 1345 1875 1454 primurn,
1911 1376 2002 1465 eg.

496 1473 717 1560 Kamalena
747 1499 897 1553 samam
920 1488 1132 1570 uestram,
1165 1497 1261 1554 cum
1291 1469 1515 1586 nymphaea
1538 1467 1848 1582 (nymphaeae)
1864 1471 2004 1562 slmllt's

496 1600 659 1682 vultus.
695 1603 851 1680 Samaei
872 1597 1109 1693 ,res'similis
1124 1595 1190 1678 vel
1209 1596 1385 1710 aequalis
1400 1656 1413 1678 .
1448 1600 1654 1706 Vestratya
1670 1595 1969 1680 setestastastt
1980 1657 1996 1700 ,
2075 1657 2077 1662 ,

494 1723 623 1805 vultui
645 1723 778 1804 similis
802 1725 943 1805 Luna.
977 1722 1145 1805 Sadrtia
1169 1723 1334 1821 similis,
1366 1722 1564 1834 speciem,
1597 1715 1797 1831 figuram,
1830 1717 2000 1810 formam

447 1835 449 1847 ¹
492 1842 785 1960 praeseferens.

625 1974 804 2054 Nomina
830 1966 937 2055 Tulei·
958 1991 998 2054 et
1016 1967 1163 2053 abamd
1185 1969 1609 2082 similitudo,speci·es,
1623 1969 1843 2060 admittunt
1866 1969 2004 2058 solutt't

493 2095 672 2182 dativum
689 2099 795 2194 ,sic,
812 2091 915 2178 Tulei
931 2095 1140 2211 lesinasya
1155 2125 1207 2180 na
1223 2149 1237 2196 ,-
1252 2123 1336 2180 nott
1354 2098 1474 2180 datur
1488 2095 1708 2180 similitudo
1723 2095 1787 2178 dei
1805 2096 1998 2180 Krslrnae.

577 2219 815 2336 Ramasya
839 2250 892 2302 na
881 2219 1135 2336 stytrbarrtd,
1171 2249 1253 2306 non
1281 2225 1479 2334 repetitur
1497 2219 1720 2304 similitudo
1740 2221 1806 2302 dei
1821 2218 1997 2322 Romae,

489 2345 532 2430 id
546 2365 629 2443 est,
644 2371 764 2430 nemo
782 2349 863 2431 deo
883 2343 1214 2434 Rimaestmitis.
1208 2348 1460 2462 ·Kameiasy·a
1474 2343 1773 2459 nastyttbentam
1784 2347 1994 2496 prrsltpant,

492 2495 577 2554 non
602 2471 721 2554 datur
749 2471 993 2587 nymphaeae
1027 2474 1100 2554 flos
1124 2473 1287 2556 similis.

615 2593 666 2679 V.
700 2597 876 2680 Nomina
907 2595 1231 2702 Superlatiua,
1219 2619 1317 2682 trent
1333 2592 1702 2692 nominadotttint'I,
1716 2589 2026 2702 proprietatis,

490 2721 682 2804 commodi
710 2747 780 2804 stu
810 2719 1002 2803 utilitatis
1022 2743 1062 2804 et
1080 2721 1184 2804 lucri
1202 2745 1348 2832 petunt
1377 2723 1485 2806 hunc
1517 2745 1679 2817 casum,
1715 2741 1784 2804 aut
1814 2721 1997 2806 dativum

488 2846 692 2958 primum,
716 2871 751 2928 e.
772 2873 811 2958 g.
838 2843 1000 2928 Gavdm
1018 2843 1162 2926 hesdra*
1176 2842 1509 2929 sambanalrsltira
1522 2844 1633 2926 tamti
1654 2901 1667 2940 ,
1701 2865 1910 2928 vaccarum
1932 2850 1992 2930 ni·

484 2995 555 3084 gra
578 2971 690 3052 lactis
713 2969 930 3069 ditissima,
964 2967 1233 3054 fertilissima.
1262 2973 1386 3055 Recte
1417 2992 1633 3080 usurpatur
1665 2995 1758 3054 curn
1794 2970 1993 3081 superlati-

482 3095 542 3177 vis
571 3095 687 3178 etiam
721 3122 834 3179 casus
854 3095 959 3191 Vll,
992 3123 1061 3180 seu
1094 3095 1169 3194 in,
1190 3095 1317 3188 istest,
1344 3117 1390 3181 ut
1421 3094 1532 3206 apud
1557 3093 1728 3192 latinos,
1754 3121 1790 3178 e.
1809 3123 1850 3208 g.
1862 3092 1995 3180 Gisztt

480 3217 623 3302 irritari
641 3219 827 3302 sambana
844 3219 977 3303 ksltira
1001 3217 1135 3318 tamti,
1163 3223 1205 3304 in
1228 3223 1383 3332 vaccis,
1415 3219 1479 3305 vel
1510 3221 1617 3302 inter
1633 3245 1771 3304 vaccas
1808 3222 1919 3334 nigra
1931 3221 1987 3304 la-

470 3347 556 3428 rtis
578 3336 844 3427 fertilissima.
878 3341 1004 3426 Tama
1028 3348 1199 3430 denotat
1224 3347 1536 3456 superlativum.
1570 3347 1631 3428 lta
1659 3346 1802 3428 etiam:
1822 3353 1992 3429 Manus*
2042 3409 2048 3416 .

478 3466 652 3578 zydntim
679 3467 872 3550 ksrltetrt'a
886 3470 1152 3568 sbriratama,
1185 3469 1375 3552 ktcdetria
1394 3471 1416 3576 'l
1431 3471 1489 3552 vir
1512 3495 1563 3552 ex
1594 3467 1702 3552 tribu
1724 3469 1874 3582 regali)
1919 3472 1993 3556 lto-

479 3594 633 3674 minum
665 3595 1020 3706 generosissimus,
1053 3591 1316 3678 fortissimus.
1349 3596 1649 3706 Manuszydtzu
1668 3593 1861 3678 kscterrta
1888 3595 1989 3676 stt>-

479 3734 662 3813 ratama‚
694 3717 735 3798 in
778 3717 1039 3814 hominibus,
1075 3719 1139 3801 vel
1167 3720 1274 3800 inter
1301 3719 1483 3802 homines
1516 3717 1707 3800 tsctetrra
1739 3720 1994 3833 generosissi-

478 3869 599 3926 mus.
634 3837 960 3942 Gavrimsvdmi,
994 3870 1202 3930 vaccarum
1235 3845 1451 3944 dominus,
1484 3843 1549 3928 vel
1573 3841 1882 3955 gdszusvrimi,
1917 3865 1992 3928 aut

480 3985 686 4053 contracte
710 3963 899 4076 girva‘mr'
934 3995 1143 4055 vaccarum
1171 3969 1394 4056 dominus.

603 4093 779 4175 Nomina
805 4095 1012 4194 utilitatis,
1047 4117 1091 4178 ut
1118 4093 1371 4209 cirbiszyam,
1396 4093 1563 4191 madre,
1590 4091 1763 4192 dieder,
1796 4093 1991 4198 rusleta,

475 4219 624 4331 suggira
641 4273 653 4314 ,
671 4217 814 4312 aetia,
839 4220 948 4317 dita,
982 4219 1200 4334 dequibus
1226 4223 1269 4303 in
1298 4219 1355 4303 IV
1375 4243 1468 4303 casu
1496 4220 1682 4332 egimus,
1713 4221 1860 4330 pariter
1873 4219 1987 4304 hunc

476 4346 696 4428 admittunt
724 4369 884 4440 casum,
920 4367 1003 4426 non
1027 4367 1160 4429 tamen
1181 4345 1398 4434 ablativum
1417 4371 1479 4440 ‚e.
1498 4371 1538 4456 g.
1568 4337 1829 4457 mdnuszarye
1850 4343 1987 4428 ditant
2100 4329 2104 4344 ’

476 4467 630 4550 homini
657 4467 779 4566 utile,
807 4469 871 4552 vel
888 4463 1134 4583 mdnuszdya
1163 4469 1327 4567 uttam,
1348 4469 1502 4552 homini
1529 4469 1658 4552 utile.
1693 4469 1781 4552 Hae
1813 4470 1977 4584 regulae

474 4593 572 4676 sexti
603 4615 714 4675 casus
743 4617 941 4678 vocantur
969 4593 1438 4716 terminartiteszasztr'.
1473 4587 1534 4700 (l)
1582 4651 1587 4658 -

1702 4753 1765 4827 f*

482 4857 488 4868 ⁹
580 4884 640 4984 (*)
693 4883 734 4960 ld
759 4901 845 4978 est,
872 4889 914 4960 in
938 4913 1008 4988 pua
1036 4889 1297 4988 significatione
1323 4853 1520 4992 usurpatur
1542 4917 1642 4968 retur
1665 4895 1809 4969 textus?
1843 4889 1989 4970 Deinde

473 4975 682 5120 propositae
705 4990 910 5086 quaestioni
939 4991 1074 5076 ibidem
1103 4995 1321 5094 respondet,
1338 5013 1374 5073 et
1401 4999 1542 5098 regulas
1569 4995 1717 5073 firmat·

2247 8 2257 389 l
