4552 6266
957 513 1464 624 SEC'l'lOlV.
1547 573 1592 598 ,-

646 763 708 848 De
737 759 1004 872 compositione
1031 764 1349 872 adverbiorum,
1380 798 1498 882 quam
1522 770 1759 854 Brakmanes
1881 779 1883 782 ’

962 884 1239 1002 Avyaijbh'iva
1280 911 1455 976 vocant.

590 1008 693 1091 Sunt
719 1009 761 1090 in
785 1007 922 1121 lingua
945 1011 1253 1098 Samscrdamica
1279 1038 1386 1098 certa
1413 1016 1602 1102 adverbia
1625 1039 1665 1101 et
1693 1015 1955 1128 praepositio·

468 1159 566 1232 nes,
598 1158 701 1246 quae
735 1135 832 1215 dum
872 1134 1103 1217 nominibus
1131 1139 1383 1250 junguntur,
1413 1167 1458 1224 ea
1495 1142 1607 1254 quasi
1639 1136 1827 1226 adverbia
1860 1135 1951 1220 red·

466 1257 597 1354 dunt,
629 1275 669 1338 et
697 1257 739 1338 in
770 1282 880 1339 suam
908 1257 1085 1341 indolem
1106 1255 1362 1374 'transierunt
1392 1321 1403 1342 .
1437 1266 1494 1348 Ea
1521 1285 1616 1347 sunt
1643 1261 1721 1346 ula
1753 1285 1826 1346 seu
1853 1280 1952 1366 upa,

375 1447 377 1452 .
466 1409 581 1476 sam,
607 1377 726 1486 prada*
741 1435 756 1478 ,
784 1377 951 1485 prddu,
985 1381 1190 1485 pastinat,
1211 1385 1336 1496 yarid
1362 1443 1376 1484 ,
1401 1386 1462 1468 ati
1483 1411 1554 1472 seu
1587 1385 1686 1484 adt,
1720 1409 1837 1480 anu,
1883 1408 1956 1480 sa,

469 1504 589 1628 aditis
620 1531 738 1598 ava,
763 1505 919 1601 undar,
940 1503 1114 1618 ydval·
1147 1507 1257 1590 Haec
1288 1513 1422 1592 omnia
1458 1509 1693 1592 nominibus
1724 1503 1959 1620 praeponi,

472 1653 514 1713 et
549 1655 641 1712 cum
680 1627 735 1710 eis
767 1631 955 1710 connecti
996 1651 1166 1740 possunt
1196 1683 1210 1726 ,
1243 1657 1280 1713 v.
1301 1659 1340 1745 g.
1380 1631 1457 1714 aba
1485 1658 1656 1744 prope,
1698 1633 1825 1743 junge
1859 1653 1956 1710 cum

469 1751 671 1836 cumdium
701 1776 768 1834 vas
785 1807 798 1850 ,
831 1752 905 1833 erit
933 1751 1210 1834 abacumbiram
1241 1810 1254 1852 ,
1287 1781 1347 1838 res
1377 1757 1457 1840 vasi
1488 1759 1654 1853 vicina,
1687 1751 1840 1868 aliquid
1875 1751 1957 1836 vasi

471 1878 647 1960 vicinum
661 1931 675 1972 ,
708 1874 968 1985 proximum,
1000 1903 1071 1960 seu
1097 1903 1156 1959 res
1172 1901 1300 1989 prope
1324 1905 1424 1963 vas.
1459 1877 1709 1982 vbaraajam
1730 1879 1962 1989 proximum

472 2001 586 2113 regia
619 1997 846 2080 abadislianr
873 2001 1102 2112 proximum
1129 2001 1310 2113 regioni,
1343 2001 1561 2084 ubairrdam
1596 2003 1825 2114 proximum
1864 2021 1964 2084 cor·

471 2125 543 2220 dt,
575 2121 859 2205 ubasiraradam
889 2150 996 2208 anuo
1025 2125 1283 2236 proximum,
1316 2124 1618 2208 ubdnadliulram
1639 2127 1867 2236 proximum
1889 2124 1969 2206 bo·

472 2249 542 2342 vi,
573 2245 868 2342 ubarsclarma,
900 2249 1130 2358 proximum
1158 2249 1286 2360 pelli,
1320 2247 1492 2333 ulanaai
1531 2251 1657 2332 fluvio
1701 2251 1961 2359 proximum.

598 2373 657 2453 Ita
684 2367 813 2474 prada
840 2366 966 2470 foris,
997 2375 1123 2486 junge
1149 2399 1240 2455 cunr
1265 2372 1435 2455 bladam
1467 2374 1636 2469 exstitit,
1671 2367 1772 2468 fuit,
1806 2369 1970 2484 fietque

472 2493 791 2605 prddarblrudam
822 2491 1108 2595 deciaratum,
1137 2493 1386 2588 manifestum
1416 2558 1429 2594 ,
1462 2523 1522 2579 tes
1554 2491 1658 2580 foras
1690 2497 1838 2578 missa.
1880 2489 1971 2592 Prii·

474 2618 724 2705 durbdavam
757 2615 872 2731 quod
895 2643 1057 2731 apparet
1085 2647 1145 2703 res
1173 2618 1368 2719 visibilis,
1394 2647 1608 2732 apparens.
1893 2721 1895 2726 Α

598 2749 688 2826 Sam
713 2737 907 2851 significat
937 2745 1087 2841 simul,
1121 2763 1160 2826 et
1184 2770 1411 2842 excessum,
1444 2747 1736 2826 incrementum
1768 2741 1852 2837 rei,
1879 2739 1967 2836 sic,

477 2866 569 2950 milii
593 2869 916 2964 incrementum,
949 2866 1126 2949 samrdlu‘
1155 2891 1344 2980 magnum
1376 2869 1693 2962 incrementum,
1726 2864 1885 2946 modam
1912 2860 1971 2942 lu·

477 2993 613 3090 auria,
645 2990 888 3071 sammadam
918 3016 1060 3106 magna
1083 2979 1266 3090 luxuria,
1296 2984 1549 3076 consensus.
1729 3077 1731 3082 .

477 3135 479 3138 ·
602 3113 720 3199 Pradi
753 3135 921 3214 contra,
954 3118 1162 3215 adversus,
1195 3117 1425 3228 reciproce,
1456 3117 1510 3198 sic
1536 3113 1742 3222 paleariam
1774 3101 1969 3204 affectus,

475 3237 797 3351 pradipakrrlam
823 3243 1108 3358 contrarietasa
1127 3240 1373 3352 inimicitia,
1402 3241 1632 3332 discordiae
1662 3231 1970 3345 pradislrudant

343 3375 348 3382 '
476 3393 538 3449 res
575 3389 773 3446 consensu
815 3362 1015 3474 probata,
1048 3367 1257 3476 reciproco
1294 3389 1493 3448 consensu
1542 3363 1735 3454 admissa,
1764 3353 2007 3466 pradislta·

480 3509 755 3586 contrastans,
787 3511 836 3568 ex
867 3487 1033 3571 adverso
1063 3507 1193 3570 stans.
1374 3563 1378 3570 .
2027 3575 2032 3580 ,

606 3605 802 3704 Paslrvail,
833 3611 1076 3714 parienda,
1109 3632 1241 3709 retro,
1273 3635 1295 3694 a
1328 3610 1481 3706 latere,
1511 3598 1881 3714 paslrvaidavartaii
1912 3626 1974 3684 re·

431 3822 435 3832 ,
481 3757 678 3827 trostans,
707 3730 975 3844 pasl-navarri
991 3756 1096 3818 retro
1116 3734 1325 3848 gradiens,
1357 3759 1522 3832 comes,
1542 3729 1721 3830 satelles,
1752 3719 1971 3838 posivimd

483 3859 700 3946 occidens.
1373 3877 1389 3888 ·

610 3981 769 4080 Yatlui,
801 3979 1106 4094 conformiter,
1136 3983 1247 4086 juxta
1264 4039 1278 4082 ,
1300 3979 1559 4095 ,yarlaviali
1588 3983 1699 4088 juxta
1747 3971 1923 4088 regulam
1954 3997 1969 4064 3

474 4107 753 4230 yatdaicrimanr
790 4107 902 4214 juata
932 4109 1170 4192 desiderium
1191 4140 1205 4202 3
1229 4103 1572 4222 yatiadbarddlam
1618 4109 1729 4212 juxta
1777 4099 1969 4210 culpam,

483 4240 726 4356 promerito
760 4232 901 4346 culpae
931 4287 944 4329 ,
977 4227 1245 4339 contermiter
1272 4231 1326 4314 ad
1373 4230 1529 4340 culpam
1559 4261 1573 4324 ·‚
1598 4223 1855 4343 yatddcdlam
1897 4241 1971 4329 pto

486 4353 686 4478 {appol-e,
720 4383 792 4470 pro
818 4360 1010 4466 temporis
1041 4354 1346 4440 circumstantiis
1362 4408 1378 4449 ,
1389 4352 1646 4466 yatlrcirlrakri
1669 4377 1744 4464 pro
1788 4342 1970 4430 viribus.

609 4484 716 4572 Adii
739 4503 777 4564 et
799 4481 870 4563 adi
901 4481 1115 4591 multum,
1144 4479 1292 4576 ualde,
1324 4475 1549 4560 adisiidam
1589 4501 1781 4588 magnum
1820 4465 1973 4581 frigus,

485 4613 774 4704 adiicramam,
811 4631 979 4718 magnus
1009 4631 1218 4705 excessus,
1249 4627 1393 4712 magna
1418 4601 1659 4686 crudelitas.

610 4745 697 4820 Anu
732 4753 824 4844 post
853 4785 866 4826 ,
899 4756 1167 4810 anusaranam
1197 4728 1359 4840 sequela
1384 4729 1420 4823 ,'
1443 4725 1669 4820 comitiva,
1718 4716 1974 4810 satellitium,

485 4861 681 4976 postitio,
713 4857 807 4938 item
841 4850 1101 4936 obedienria.
1126 4837 1431 4936 Anavartairam
1457 4847 1714 4948 obedientia,
1737 4835 1971 4930 anuvridam

484 4985 714 5098 permissio,
749 4998 957 5080 arrnutus,
982 4973 1182 5078 facultas,
1211 4979 1288 5060 dcc.
