4612 6268
1008 477 1055 580 'll
1085 469 1141 558 XI
1167 471 1208 580 l(

617 651 1611 907 nonnorounu.

498 1067 953 1318 Grammaticam'
976 1199 1162 1346 linguae
1191 1217 1687 1346 noonsdamrcrta,
1720 1187 1863 1345 vulgo

352 1487 575 1636 mg
603 1489 804 1580 Samscrit
834 1514 1171 1618 nuncupatae,
1218 1521 1342 1584 anno
1374 1495 1438 1586 M.
1476 1523 1521 1582 o.
1552 1521 1626 1582 ec.
1659 1515 1728 1580 rc.
1768 1519 1864 1583 arn-

484 1640 497 1680 <

358 1703 670 1836 plissimorum
701 1707 744 1796 S..
768 1705 822 1801 R·
843 1705 895 1794 E.
920 1698 1266 1820 cardinalium,
1290 1702 1659 1837 Congregationi
1677 1735 1863 1832 promo-

216 1859 221 1868 ’
271 1842 273 1846 ⁴
358 1839 528 1938 vendae
548 1841 593 1933 in
620 1869 790 1934 exteras
809 1866 966 1970 gentes
987 1839 1296 1940 Orthodoxae
1316 1839 1442 1938 Fidei
1464 1840 1862 1972 Praepositorum,

351 1975 545 2076 decreto
565 2005 610 2072 et
629 1977 897 2073 auctoritate
915 1978 961 2070 in
978 1978 1207 2108 publicam
1229 1977 1400 2112 protuli
1422 1979 1570 2076 lucem
1586 1985 1666 2102 (a).
1684 1981 1771 2074 Vix
1786 1975 1862 2072 ille

355 2117 622 2250 peregrinus
644 2147 796 2246 partus
821 2147 844 2208 e
867 2148 1001 2210 crena
1020 2118 1108 2212 mei
1129 2113 1293 2214 calami
1312 2116 1524 2234 decidit,
1563 2122 1653 2240 jam
1681 2117 1717 2208 is
1747 2147 1861 2214 suos

351 2283 533 2348 sutores
560 2283 605 2348 et
636 2283 859 2382 patronos
882 2285 933 2346 ex
954 2287 1042 2350 una
1063 2245 1190 2386 parte
1213 2287 1371 2354 nactus
1395 2285 1486 2372 cst,
1510 2291 1561 2350 ex
1595 2251 1733 2350 altera
1747 2287 1862 2348 vero

358 2391 406 2485 in
425 2396 596 2488 crimen
618 2393 742 2486 venit
760 2455 774 2505 ,
793 2391 922 2518 quasi
937 2387 1152 2486 informis
1168 2397 1364 2488 monstri
1385 2389 1713 2522 turpitudinem
1731 2389 1861 2488 vultu

352 2562 444 2626 suo
472 2523 744 2660 praeferret.
782 2529 918 2644 Cur,
961 2525 1176 2624 dicebant
1212 2527 1377 2660 aliqu-i,
1413 2563 1493 2626 cur
1532 2527 1679 2624 eidem
1710 2525 1861 2624 nullus

357 2665 612 2796 europacus
653 2659 781 2757 color
819 2661 1067 2789 eccultus?
1100 2672 1199 2762 Cur
1238 2665 1359 2764 nulla
1393 2664 1711 2762 membrorum
1754 2699 1865 2760 con·

349 2806 581 2901 cionitas?
617 2806 715 2896 Cur
735 2795 866 2929 pellis
888 2829 981 2894 tam
1009 2800 1193 2900 lurida?
1228 2810 1328 2900 Cur
1352 2806 1536 2937 vagitus
1551 2835 1651 2899 tam
1674 2804 1822 2900 tenuis
1842 2867 1859 2917 ,
1887 2879 1891 2886 .
1939 2836 1951 2857 ‘¹

316 2971 403 3034 ct
437 2973 529 3034 non
569 2940 713 3067 magis
749 2967 839 3058 vost
878 2934 996 3053 alra,
1032 2972 1114 3036 aut
1156 2943 1334 3073 rugitus
1371 2940 1573 3036 Leonis?
1608 2943 1890 3036 Minervam*

349 3109 382 3168 e
403 3079 523 3201 Jovis
551 3074 741 3170 cerebro
773 3073 1034 3172 exciendam
1054 3145 1069 3192 ,
1092 3111 1284 3207 eamque
1308 3112 1401 3172 non
1423 3073 1575 3172 indica
1597 3076 1708 3192 ,sed
1732 3111 1862 3209 grae·

349 3247 437 3330 ca,
476 3243 554 3312 aut
587 3245 777 3308 romana
806 3207 954 3314 forma
993 3215 1217 3348 insignem
1243 3281 1258 3329 ,
1284 3249 1315 3310 a
1338 3249 1411 3310 me
1447 3212 1746 3344 expectabant
1764 3213 1861 3331 illi,

352 3355 436 3480 *qui
459 3349 625 3485 geniali
656 3351 777 3445 lecto
805 3344 1130 3448 decumbentes
1151 3417 1167 3466 ,
1190 3383 1235 3446 et
1266 3347 1532 3486 refragantis
1549 3349 1862 3450 Orientalium

351 3486 616 3623 linguarum
655 3483 822 3582 indolis
874 3487 1058 3619 ignari,
1095 3491 1255 3584 omnia
1290 3491 1387 3586 sine
1422 3487 1578 3586 studio
1618 3519 1664 3586 et
1703 3485 1863 3586 labore

352 3629 570 3758 assequi,
609 3655 746 3754 atque
786 3619 846 3718 ad
880 3660 1007 3722 suam
1041 3625 1325 3758 voluptatem
1354 3656 1618 3758 comparata
1652 3660 1746 3724 esse
1784 3660 1864 3724 vo·

353 3761 479 3860 lunt.
526 3769 639 3860 Non
658 3763 862 3898 legerant
888 3765 960 3860 isti
975 3798 1075 3898 pag.
1103 3770 1181 3860 80.
1214 3762 1415 3887 ejusdem
1446 3769 1761 3860 Grammaticne
1784 3764 1862 3862 de-

357 3933 531 3998 cretum
569 3910 614 4001 S.
638 3904 1028 4032 Congregationis
1059 3901 1115 3998 dc
1146 3901 1446 4036 propaganda
1486 3899 1634 4020 Fide,
1672 3937 1724 3998 ex
1765 3938 1861 4033 quo

350 4037 506 4171 palam
540 4069 585 4134 et
613 4068 774 4171 aperte
813 4035 1083 4173 colligitur,
1122 4041 1396 4171 opusculum
1440 4037 1554 4136 illud
1590 4073 1683 4134 non
1720 4073 1861 4136 vanae
1955 4090 1959 4101 ·

351 4211 689 4310 europaeorum
716 4176 962 4284 ‘hominum
993 4180 1278 4295 curiositati,
1300 4174 1657 4273 sedlndicorutn
1683 4177 1860 4272 Ortho-

351 4311 500 4412 doxae
532 4310 658 4418 Fidei
704 4349 989 4450 praeconum
1033 4315 1286 4412 commodo
1324 4345 1642 4412 consecratum
1689 4312 1861 4430 fuisse5

352 4455 571 4581 quicum
609 4453 865 4588 vulgarium
899 4451 1153 4552 indicarum
1186 4452 1446 4588 linguarum
1485 4455 1681 4584 peritia,
1726 4483 1770 4547 et
1793 4455 1861 4552 lu·

349 4587 483 4694 dicae
518 4591 892 4726 orthographiae
922 4595 1111 4689 scientia
1138 4597 1231 4717 jam
1264 4596 1355 4688 sint
1378 4591 1611 4725 praediti,
1655 4627 1859 4723 superse-

454 4865 514 4964 (α)
566 4865 836 4955 Sidlrartlbam,
859 4891 922 4942 seo
949 4865 1505 4956 GrammaticaSamscrdamica,
1532 4865 1589 4939 cui
1618 4865 1754 4940 accedit
1776 4865 1856 4938 Dis-

373 4969 524 5042 sertatio
554 4969 899 5046 Historico-Critica
925 4969 963 5043 in
994 4969 1150 5069 linguam
1181 4969 1494 5044 Samttrdamitam
1514 5018 1527 5058 ,
1549 4967 1658 5068 vulgo
1685 4969 1860 5042 ,inrueret

359 5072 526 5149 dictant·
552 5073 689 5148 Ronrae
720 5091 833 5175 1790.¹
855 5120 881 5164 ,⁸
896 5071 1374 5175 typis‚8·Congregatioois
1402 5073 1451 5270 dle)
1470 5073 1700 5193 Propaganda
1728 5069 1835 5144 Fide.

1490 5211 1515 5268 2
