<?xml version="1.0" encoding="UTF-8"?>
<!DOCTYPE html PUBLIC "-//W3C//DTD XHTML 1.0 Transitional//EN"
    "http://www.w3.org/TR/xhtml1/DTD/xhtml1-transitional.dtd">
<html xmlns="http://www.w3.org/1999/xhtml" xml:lang="en" lang="en">
 <head>
  <title>
</title>
<meta http-equiv="Content-Type" content="text/html;charset=utf-8" />
  <meta name='ocr-system' content='tesseract 3.04.00' />
  <meta name='ocr-capabilities' content='ocr_page ocr_carea ocr_par ocr_line ocrx_word'/>
</head>
<body>
  <div class='ocr_page' id='page_1' title='image "./vycaranaseulocu00bartgoog_0267.png"; bbox 0 0 4544 6276; ppageno 0'>
   <div class='ocr_carea' id='block_1_1' title="bbox 370 455 2029 3094">
    <p class='ocr_par' dir='ltr' id='par_1_1' title="bbox 370 455 1982 941">
     <span class='ocr_line' id='line_1_1' title="bbox 445 455 690 542; baseline -0.004 0"><span class='ocrx_word' id='word_1_1' title='bbox 445 455 529 542; x_wconf 80' lang='lat'>28</span> <span class='ocrx_word' id='word_1_2' title='bbox 688 520 690 526; x_wconf 72' lang='grc'>.</span> 
     </span>
     <span class='ocr_line' id='line_1_2' title="bbox 392 481 1982 690; baseline -0.008 -21"><span class='ocrx_word' id='word_1_3' title='bbox 392 625 394 629; x_wconf 92' lang='grc'><strong><em>·</em></strong></span> <span class='ocrx_word' id='word_1_4' title='bbox 440 481 658 681; x_wconf 57' lang='grc' dir='ltr'>ιξηεαηα,</span> <span class='ocrx_word' id='word_1_5' title='bbox 688 575 972 690; x_wconf 81' lang='lat' dir='ltr'>transgressio.</span> <span class='ocrx_word' id='word_1_6' title='bbox 1304 578 1362 660; x_wconf 89' lang='lat' dir='ltr'>cis</span> <span class='ocrx_word' id='word_1_7' title='bbox 1398 569 1553 686; x_wconf 88' lang='lat' dir='ltr'>liquida</span> <span class='ocrx_word' id='word_1_8' title='bbox 1599 593 1897 690; x_wconf 86' lang='lat' dir='ltr'>quaecumque</span> <span class='ocrx_word' id='word_1_9' title='bbox 1931 567 1982 656; x_wconf 87' lang='lat' dir='ltr'>ad</span> 
     </span>
     <span class='ocr_line' id='line_1_3' title="bbox 444 697 1602 816; baseline -0.009 -24"><span class='ocrx_word' id='word_1_10' title='bbox 444 703 691 792; x_wconf 86' lang='lat' dir='ltr'>Lekshanam</span> <span class='ocrx_word' id='word_1_11' title='bbox 713 761 728 804; x_wconf 95' lang='lat'>,</span> <span class='ocrx_word' id='word_1_12' title='bbox 764 705 956 816; x_wconf 81' lang='lat' dir='ltr'>signum.</span> <span class='ocrx_word' id='word_1_13' title='bbox 1305 697 1568 785; x_wconf 89' lang='lat' dir='ltr'>lambendum</span> <span class='ocrx_word' id='word_1_14' title='bbox 1590 757 1602 781; x_wconf 89' lang='lat'><strong>.</strong></span> 
     </span>
     <span class='ocr_line' id='line_1_4' title="bbox 370 821 1974 941; baseline -0.004 -23"><span class='ocrx_word' id='word_1_15' title='bbox 370 893 374 900; x_wconf 90' lang='lat'>-</span> <span class='ocrx_word' id='word_1_16' title='bbox 444 829 638 918; x_wconf 79' lang='lat' dir='ltr'>Lelrsham</span> <span class='ocrx_word' id='word_1_17' title='bbox 668 886 681 931; x_wconf 97' lang='lat'>,</span> <span class='ocrx_word' id='word_1_18' title='bbox 709 855 781 913; x_wconf 91' lang='lat' dir='ltr'>seu</span> <span class='ocrx_word' id='word_1_19' title='bbox 809 826 1022 926; x_wconf 82' lang='lat' dir='ltr'>luislrum,</span> <span class='ocrx_word' id='word_1_20' title='bbox 1053 821 1180 913; x_wconf 90' lang='lat' dir='ltr'>millio</span> <span class='ocrx_word' id='word_1_21' title='bbox 1245 823 1451 941; x_wconf 68' lang='lat' dir='ltr'>Lipanam</span> <span class='ocrx_word' id='word_1_22' title='bbox 1475 885 1487 928; x_wconf 94' lang='lat'>,</span> <span class='ocrx_word' id='word_1_23' title='bbox 1513 855 1610 912; x_wconf 89' lang='lat' dir='ltr'>cum</span> <span class='ocrx_word' id='word_1_24' title='bbox 1644 845 1687 934; x_wconf 87' lang='lat' dir='ltr'>p.</span> <span class='ocrx_word' id='word_1_25' title='bbox 1722 821 1837 908; x_wconf 89' lang='lat' dir='ltr'>litera</span> <span class='ocrx_word' id='word_1_26' title='bbox 1862 823 1944 910; x_wconf 90' lang='lat' dir='ltr'>leni</span> <span class='ocrx_word' id='word_1_27' title='bbox 1960 887 1974 931; x_wconf 93' lang='lat'>,</span> 
     </span>
    </p>

    <p class='ocr_par' dir='ltr' id='par_1_2' title="bbox 508 948 1971 1194">
     <span class='ocr_line' id='line_1_5' title="bbox 510 948 1485 1067; baseline -0.004 -26"><span class='ocrx_word' id='word_1_28' title='bbox 510 983 646 1056; x_wconf 88' lang='lat' dir='ltr'>unus,</span> <span class='ocrx_word' id='word_1_29' title='bbox 669 955 868 1041; x_wconf 83' lang='lat' dir='ltr'>mendose</span> <span class='ocrx_word' id='word_1_30' title='bbox 888 948 1015 1067; x_wconf 74' lang='lat' dir='ltr'>vulgis</span> <span class='ocrx_word' id='word_1_31' title='bbox 1031 949 1181 1036; x_wconf 89' lang='lat' dir='ltr'>dicitur</span> <span class='ocrx_word' id='word_1_32' title='bbox 1309 954 1451 1039; x_wconf 90' lang='lat' dir='ltr'>unctio</span> <span class='ocrx_word' id='word_1_33' title='bbox 1472 1009 1485 1036; x_wconf 84' lang='lat'><strong>.</strong></span> 
     </span>
     <span class='ocr_line' id='line_1_6' title="bbox 508 1076 1971 1194; baseline -0.001 -26"><span class='ocrx_word' id='word_1_34' title='bbox 508 1081 598 1168; x_wconf 79' lang='lat' dir='ltr'>lale.</span> <span class='ocrx_word' id='word_1_35' title='bbox 830 1143 832 1148; x_wconf 85' lang='lat'>-</span> <span class='ocrx_word' id='word_1_36' title='bbox 1003 1173 1007 1194; x_wconf 31' lang='lat'>⁸</span> <span class='ocrx_word' id='word_1_37' title='bbox 1244 1077 1413 1168; x_wconf 69' lang='lat' dir='ltr'>Lisham</span> <span class='ocrx_word' id='word_1_38' title='bbox 1431 1134 1446 1178; x_wconf 91' lang='lat'>,</span> <span class='ocrx_word' id='word_1_39' title='bbox 1466 1103 1638 1193; x_wconf 90' lang='lat' dir='ltr'>patum,</span> <span class='ocrx_word' id='word_1_40' title='bbox 1666 1076 1895 1190; x_wconf 87' lang='lat' dir='ltr'>pauxillus,</span> <span class='ocrx_word' id='word_1_41' title='bbox 1924 1112 1971 1188; x_wconf 89' lang='lat' dir='ltr'>a,</span> 
     </span>
    </p>

    <p class='ocr_par' dir='ltr' id='par_1_3' title="bbox 449 1198 1406 1307">
     <span class='ocr_line' id='line_1_7' title="bbox 449 1198 1406 1307; baseline -0.009 -12"><span class='ocrx_word' id='word_1_42' title='bbox 449 1208 725 1307; x_wconf 88' lang='lat' dir='ltr'>Lakshmana,</span> <span class='ocrx_word' id='word_1_43' title='bbox 750 1204 869 1296; x_wconf 88' lang='lat' dir='ltr'>frater</span> <span class='ocrx_word' id='word_1_44' title='bbox 879 1205 955 1292; x_wconf 83' lang='lat' dir='ltr'>..dei</span> <span class='ocrx_word' id='word_1_45' title='bbox 974 1198 1151 1298; x_wconf 76' lang='lat' dir='ltr'>Rimas.</span> <span class='ocrx_word' id='word_1_46' title='bbox 1312 1234 1406 1290; x_wconf 89' lang='lat' dir='ltr'>um.</span> 
     </span>
    </p>

    <p class='ocr_par' dir='ltr' id='par_1_4' title="bbox 450 1329 1973 1456">
     <span class='ocr_line' id='line_1_8' title="bbox 450 1329 1973 1456; baseline -0.002 -31"><span class='ocrx_word' id='word_1_47' title='bbox 450 1335 659 1456; x_wconf 78' lang='lat' dir='ltr'>taksnya,</span> <span class='ocrx_word' id='word_1_48' title='bbox 685 1335 820 1424; x_wconf 80' lang='lat' dir='ltr'>aluus·</span> <span class='ocrx_word' id='word_1_49' title='bbox 1247 1329 1396 1446; x_wconf 84' lang='lat' dir='ltr'>Linga,</span> <span class='ocrx_word' id='word_1_50' title='bbox 1422 1358 1540 1418; x_wconf 82' lang='lat' dir='ltr'>sexus</span> <span class='ocrx_word' id='word_1_51' title='bbox 1561 1330 1768 1431; x_wconf 69' lang='lat' dir='ltr'>animalis,</span> <span class='ocrx_word' id='word_1_52' title='bbox 1793 1333 1888 1420; x_wconf 88' lang='lat' dir='ltr'>item</span> <span class='ocrx_word' id='word_1_53' title='bbox 1907 1363 1973 1456; x_wconf 82' lang='lat' dir='ltr'>ge·</span> 
     </span>
    </p>

    <p class='ocr_par' dir='ltr' id='par_1_5' title="bbox 451 1463 1671 1566">
     <span class='ocr_line' id='line_1_9' title="bbox 451 1463 1671 1566; baseline -0.007 -13"><span class='ocrx_word' id='word_1_54' title='bbox 451 1463 630 1566; x_wconf 86' lang='lat' dir='ltr'>Labari,</span> <span class='ocrx_word' id='word_1_55' title='bbox 669 1463 804 1550; x_wconf 86' lang='lat' dir='ltr'>unda.</span> <span class='ocrx_word' id='word_1_56' title='bbox 1014 1545 1017 1550; x_wconf 83' lang='grc'>,</span> <span class='ocrx_word' id='word_1_57' title='bbox 1313 1485 1412 1544; x_wconf 78' lang='lat' dir='ltr'>nus,</span> <span class='ocrx_word' id='word_1_58' title='bbox 1663 1529 1671 1544; x_wconf 91' lang='lat'>.</span> 
     </span>
    </p>

    <p class='ocr_par' dir='ltr' id='par_1_6' title="bbox 452 1580 1818 1697">
     <span class='ocr_line' id='line_1_10' title="bbox 452 1580 1818 1697; baseline -0.007 -19"><span class='ocrx_word' id='word_1_59' title='bbox 452 1586 619 1690; x_wconf 76' lang='lat' dir='ltr'>Laibha,</span> <span class='ocrx_word' id='word_1_60' title='bbox 650 1589 838 1676; x_wconf 85' lang='lat' dir='ltr'>lucrum.</span> <span class='ocrx_word' id='word_1_61' title='bbox 1087 1651 1090 1658; x_wconf 83' lang='lat'><em>.</em></span> <span class='ocrx_word' id='word_1_62' title='bbox 1248 1580 1473 1697; x_wconf 86' lang='lat' dir='ltr'>Lingahina</span> <span class='ocrx_word' id='word_1_63' title='bbox 1490 1643 1503 1684; x_wconf 93' lang='lat'>,</span> <span class='ocrx_word' id='word_1_64' title='bbox 1532 1583 1783 1672; x_wconf 85' lang='lat' dir='ltr'>Eunuchus.</span> <span class='ocrx_word' id='word_1_65' title='bbox 1813 1661 1818 1668; x_wconf 87' lang='lat'>.</span> 
     </span>
    </p>

    <p class='ocr_par' dir='ltr' id='par_1_7' title="bbox 453 1703 2029 1954">
     <span class='ocr_line' id='line_1_11' title="bbox 453 1703 2029 1826; baseline -0.006 -22"><span class='ocrx_word' id='word_1_66' title='bbox 453 1708 604 1804; x_wconf 70' lang='lat' dir='ltr'>talant</span> <span class='ocrx_word' id='word_1_67' title='bbox 638 1773 652 1814; x_wconf 95' lang='lat'>,</span> <span class='ocrx_word' id='word_1_68' title='bbox 678 1714 896 1800; x_wconf 88' lang='lat' dir='ltr'>blanditiae</span> <span class='ocrx_word' id='word_1_69' title='bbox 922 1743 936 1811; x_wconf 79' lang='lat'>3</span> <span class='ocrx_word' id='word_1_70' title='bbox 968 1707 1184 1826; x_wconf 78' lang='lat' dir='ltr'>priuauaru</span> <span class='ocrx_word' id='word_1_71' title='bbox 1249 1703 1367 1807; x_wconf 83' lang='lat' dir='ltr'>Lild,</span> <span class='ocrx_word' id='word_1_72' title='bbox 1399 1710 1549 1810; x_wconf 92' lang='lat' dir='ltr'>ludus,</span> <span class='ocrx_word' id='word_1_73' title='bbox 1573 1711 1719 1817; x_wconf 90' lang='lat' dir='ltr'>jocus.</span> <span class='ocrx_word' id='word_1_74' title='bbox 1801 1791 1806 1814; x_wconf 85' lang='grc'>,</span> <span class='ocrx_word' id='word_1_75' title='bbox 2024 1802 2029 1812; x_wconf 65' lang='grc'>,</span> 
     </span>
     <span class='ocr_line' id='line_1_12' title="bbox 515 1832 1973 1954; baseline 0.002 -31"><span class='ocrx_word' id='word_1_76' title='bbox 515 1839 653 1926; x_wconf 86' lang='lat' dir='ltr'>idem.</span> <span class='ocrx_word' id='word_1_77' title='bbox 1241 1832 1452 1938; x_wconf 82' lang='lat' dir='ltr'>Ldbltam,</span> <span class='ocrx_word' id='word_1_78' title='bbox 1472 1837 1744 1934; x_wconf 89' lang='lat' dir='ltr'>desiderium,</span> <span class='ocrx_word' id='word_1_79' title='bbox 1763 1842 1973 1954; x_wconf 78' lang='lat' dir='ltr'>cupiditas.</span> 
     </span>
    </p>

    <p class='ocr_par' dir='ltr' id='par_1_8' title="bbox 454 1957 1973 2196">
     <span class='ocr_line' id='line_1_13' title="bbox 454 1957 1973 2079; baseline 0 -29"><span class='ocrx_word' id='word_1_80' title='bbox 454 1961 681 2061; x_wconf 79' lang='lat' dir='ltr'>Lilanam,</span> <span class='ocrx_word' id='word_1_81' title='bbox 713 1962 955 2062; x_wconf 82' lang='lat' dir='ltr'>blanditiae,</span> <span class='ocrx_word' id='word_1_82' title='bbox 980 1961 1178 2079; x_wconf 83' lang='lat' dir='ltr'>palpum,</span> <span class='ocrx_word' id='word_1_83' title='bbox 1212 2037 1220 2050; x_wconf 85' lang='grc'><strong>.</strong></span> <span class='ocrx_word' id='word_1_84' title='bbox 1243 1957 1377 2050; x_wconf 80' lang='lat' dir='ltr'>Lbbhi</span> <span class='ocrx_word' id='word_1_85' title='bbox 1393 2017 1406 2060; x_wconf 96' lang='lat'>,</span> <span class='ocrx_word' id='word_1_86' title='bbox 1424 1960 1464 2044; x_wconf 90' lang='lat' dir='ltr'>b.</span> <span class='ocrx_word' id='word_1_87' title='bbox 1482 1964 1684 2076; x_wconf 84' lang='lat' dir='ltr'>cupidus,</span> <span class='ocrx_word' id='word_1_88' title='bbox 1712 1989 1857 2050; x_wconf 88' lang='lat' dir='ltr'>avarus</span> <span class='ocrx_word' id='word_1_89' title='bbox 1875 1967 1973 2056; x_wconf 67' lang='lat' dir='ltr'>..Lu</span> 
     </span>
     <span class='ocr_line' id='line_1_14' title="bbox 516 2083 1590 2196; baseline -0.001 -21"><span class='ocrx_word' id='word_1_90' title='bbox 516 2085 718 2186; x_wconf 76' lang='lat' dir='ltr'>offucias,</span> <span class='ocrx_word' id='word_1_91' title='bbox 1022 2185 1026 2196; x_wconf 21' lang='grc' dir='ltr'><strong><em>Α</em></strong></span> <span class='ocrx_word' id='word_1_92' title='bbox 1303 2083 1434 2184; x_wconf 77' lang='lat' dir='ltr'>bitin,</span> <span class='ocrx_word' id='word_1_93' title='bbox 1458 2087 1590 2175; x_wconf 82' lang='lat' dir='ltr'>idem.</span> 
     </span>
    </p>

    <p class='ocr_par' dir='ltr' id='par_1_9' title="bbox 454 2207 1974 2450">
     <span class='ocr_line' id='line_1_15' title="bbox 454 2207 1974 2318; baseline -0.001 -15"><span class='ocrx_word' id='word_1_94' title='bbox 454 2213 579 2318; x_wconf 78' lang='lat' dir='ltr'>Lita,</span> <span class='ocrx_word' id='word_1_95' title='bbox 602 2215 754 2318; x_wconf 90' lang='lat' dir='ltr'>saltus,</span> <span class='ocrx_word' id='word_1_96' title='bbox 781 2207 1002 2314; x_wconf 82' lang='lat' dir='ltr'>circuitus,</span> <span class='ocrx_word' id='word_1_97' title='bbox 1028 2209 1176 2296; x_wconf 80' lang='lat' dir='ltr'>aurbu·</span> <span class='ocrx_word' id='word_1_98' title='bbox 1240 2209 1488 2312; x_wconf 82' lang='lat' dir='ltr'>Ldtschana,</span> <span class='ocrx_word' id='word_1_99' title='bbox 1509 2213 1817 2316; x_wconf 90' lang='lat' dir='ltr'>visi0,oculus,</span> <span class='ocrx_word' id='word_1_100' title='bbox 1838 2219 1974 2318; x_wconf 90' lang='lat' dir='ltr'>visus,</span> 
     </span>
     <span class='ocr_line' id='line_1_16' title="bbox 517 2343 1509 2450; baseline -0.008 -22"><span class='ocrx_word' id='word_1_101' title='bbox 517 2343 643 2430; x_wconf 86' lang='lat' dir='ltr'>latio.</span> <span class='ocrx_word' id='word_1_102' title='bbox 1301 2361 1509 2450; x_wconf 86' lang='lat' dir='ltr'>aspectus.</span> 
     </span>
    </p>

    <p class='ocr_par' dir='ltr' id='par_1_10' title="bbox 454 2459 1973 2578">
     <span class='ocr_line' id='line_1_17' title="bbox 454 2459 1973 2578; baseline 0.002 -24"><span class='ocrx_word' id='word_1_103' title='bbox 454 2464 687 2570; x_wconf 76' lang='lat' dir='ltr'>Livanam,</span> <span class='ocrx_word' id='word_1_104' title='bbox 717 2493 824 2555; x_wconf 88' lang='lat' dir='ltr'>mare</span> <span class='ocrx_word' id='word_1_105' title='bbox 852 2465 1022 2552; x_wconf 84' lang='lat' dir='ltr'>salsum.</span> <span class='ocrx_word' id='word_1_106' title='bbox 1241 2459 1973 2578; x_wconf 74' lang='lat' dir='ltr'>Lokiratn,lama,applaususMundi.</span> 
     </span>
    </p>

    <p class='ocr_par' dir='ltr' id='par_1_11' title="bbox 455 2583 1975 2820">
     <span class='ocr_line' id='line_1_18' title="bbox 455 2583 1975 2708; baseline 0.001 -30"><span class='ocrx_word' id='word_1_107' title='bbox 455 2593 696 2696; x_wconf 86' lang='lat' dir='ltr'>Laukicam,</span> <span class='ocrx_word' id='word_1_108' title='bbox 724 2623 783 2686; x_wconf 87' lang='lat' dir='ltr'>res</span> <span class='ocrx_word' id='word_1_109' title='bbox 797 2615 979 2708; x_wconf 88' lang='lat' dir='ltr'>spectans</span> <span class='ocrx_word' id='word_1_110' title='bbox 992 2589 1041 2676; x_wconf 92' lang='lat' dir='ltr'>ad</span> <span class='ocrx_word' id='word_1_111' title='bbox 1055 2617 1179 2674; x_wconf 88' lang='lat' dir='ltr'>mun·</span> <span class='ocrx_word' id='word_1_112' title='bbox 1245 2583 1412 2688; x_wconf 78' lang='lat' dir='ltr'>L&#39;uham,</span> <span class='ocrx_word' id='word_1_113' title='bbox 1433 2592 1634 2678; x_wconf 80' lang='lat' dir='ltr'>metallum</span> <span class='ocrx_word' id='word_1_114' title='bbox 1648 2649 1663 2693; x_wconf 96' lang='lat'>,</span> <span class='ocrx_word' id='word_1_115' title='bbox 1679 2595 1774 2678; x_wconf 92' lang='lat' dir='ltr'>item</span> <span class='ocrx_word' id='word_1_116' title='bbox 1794 2593 1975 2681; x_wconf 84' lang='lat' dir='ltr'>ferrum.</span> 
     </span>
     <span class='ocr_line' id='line_1_19' title="bbox 517 2713 1838 2820; baseline -0.008 -10"><span class='ocrx_word' id='word_1_117' title='bbox 517 2725 644 2820; x_wconf 86' lang='lat' dir='ltr'>dunt,</span> <span class='ocrx_word' id='word_1_118' title='bbox 680 2749 749 2810; x_wconf 89' lang='lat' dir='ltr'>seu</span> <span class='ocrx_word' id='word_1_119' title='bbox 785 2721 924 2806; x_wconf 89' lang='lat' dir='ltr'>orbem</span> <span class='ocrx_word' id='word_1_120' title='bbox 960 2739 1178 2802; x_wconf 82' lang='lat' dir='ltr'>terrarum.</span> <span class='ocrx_word' id='word_1_121' title='bbox 1244 2713 1455 2818; x_wconf 82' lang='lat' dir='ltr'>thitam,</span> <span class='ocrx_word' id='word_1_122' title='bbox 1484 2718 1716 2803; x_wconf 89' lang='lat' dir='ltr'>tesrubra.</span> <span class='ocrx_word' id='word_1_123' title='bbox 1834 2749 1838 2758; x_wconf 63' lang='grc'><em>’</em></span> 
     </span>
    </p>

    <p class='ocr_par' dir='ltr' id='par_1_12' title="bbox 459 2839 1969 2964">
     <span class='ocr_line' id='line_1_20' title="bbox 459 2839 1969 2964; baseline -0.002 -29"><span class='ocrx_word' id='word_1_124' title='bbox 459 2847 634 2948; x_wconf 75' lang='lat' dir='ltr'>uenam,</span> <span class='ocrx_word' id='word_1_125' title='bbox 666 2871 863 2964; x_wconf 87' lang='lat' dir='ltr'>syrupus,</span> <span class='ocrx_word' id='word_1_126' title='bbox 894 2849 989 2929; x_wconf 88' lang='lat' dir='ltr'>item</span> <span class='ocrx_word' id='word_1_127' title='bbox 1008 2841 1147 2926; x_wconf 85' lang='lat' dir='ltr'>cibus.</span> <span class='ocrx_word' id='word_1_128' title='bbox 1246 2839 1409 2940; x_wconf 79' lang='lat' dir='ltr'>Ldlam,</span> <span class='ocrx_word' id='word_1_129' title='bbox 1426 2871 1485 2926; x_wconf 90' lang='lat' dir='ltr'>res</span> <span class='ocrx_word' id='word_1_130' title='bbox 1502 2847 1763 2945; x_wconf 86' lang='lat' dir='ltr'>inconstans,</span> <span class='ocrx_word' id='word_1_131' title='bbox 1782 2847 1969 2948; x_wconf 91' lang='lat' dir='ltr'>mobilis,</span> 
     </span>
    </p>

    <p class='ocr_par' dir='ltr' id='par_1_13' title="bbox 461 2965 1483 3094">
     <span class='ocr_line' id='line_1_21' title="bbox 461 2965 1483 3094; baseline -0.007 -34"><span class='ocrx_word' id='word_1_132' title='bbox 461 2973 669 3092; x_wconf 72' lang='lat' dir='ltr'>Libyam,</span> <span class='ocrx_word' id='word_1_133' title='bbox 695 3001 889 3094; x_wconf 80' lang='lat' dir='ltr'>sytupus3</span> <span class='ocrx_word' id='word_1_134' title='bbox 911 2971 1006 3054; x_wconf 90' lang='lat' dir='ltr'>item</span> <span class='ocrx_word' id='word_1_135' title='bbox 1020 2995 1080 3056; x_wconf 84' lang='lat' dir='ltr'>res</span> <span class='ocrx_word' id='word_1_136' title='bbox 1098 2965 1183 3056; x_wconf 92' lang='lat' dir='ltr'>dul·</span> <span class='ocrx_word' id='word_1_137' title='bbox 1304 2989 1483 3088; x_wconf 83' lang='lat' dir='ltr'>nutans.</span> 
     </span>
    </p>
   </div>
   <div class='ocr_carea' id='block_1_2' title="bbox 387 3177 2052 5231">
    <p class='ocr_par' dir='ltr' id='par_1_14' title="bbox 387 3177 1975 3591">
     <span class='ocr_line' id='line_1_22' title="bbox 387 3177 1974 3286; baseline -0.004 -23"><span class='ocrx_word' id='word_1_138' title='bbox 387 3177 390 3184; x_wconf 45' lang='lat'><strong>⁴</strong></span> <span class='ocrx_word' id='word_1_139' title='bbox 461 3186 665 3263; x_wconf 89' lang='lat' dir='ltr'>Innumeris</span> <span class='ocrx_word' id='word_1_140' title='bbox 693 3183 918 3286; x_wconf 82' lang='lat' dir='ltr'>argumentis</span> <span class='ocrx_word' id='word_1_141' title='bbox 945 3208 1012 3284; x_wconf 84' lang='lat' dir='ltr'>ego</span> <span class='ocrx_word' id='word_1_142' title='bbox 1043 3181 1117 3257; x_wconf 89' lang='lat' dir='ltr'>sive</span> <span class='ocrx_word' id='word_1_143' title='bbox 1147 3182 1193 3256; x_wconf 90' lang='lat' dir='ltr'>in·</span> <span class='ocrx_word' id='word_1_144' title='bbox 1217 3181 1416 3283; x_wconf 75' lang='lat' dir='ltr'>systemate</span> <span class='ocrx_word' id='word_1_145' title='bbox 1447 3183 1906 3286; x_wconf 81' lang='lat' dir='ltr'>Brahmanicopug.154·</span> <span class='ocrx_word' id='word_1_146' title='bbox 1936 3199 1974 3258; x_wconf 89' lang='lat' dir='ltr'>et</span> 
     </span>
     <span class='ocr_line' id='line_1_23' title="bbox 462 3283 1975 3387; baseline -0.003 -24"><span class='ocrx_word' id='word_1_147' title='bbox 462 3313 591 3387; x_wconf 89' lang='lat' dir='ltr'>seqq·,</span> <span class='ocrx_word' id='word_1_148' title='bbox 618 3289 755 3362; x_wconf 90' lang='lat' dir='ltr'>sivein</span> <span class='ocrx_word' id='word_1_149' title='bbox 783 3287 1032 3363; x_wconf 84' lang='lat' dir='ltr'>illustratione</span> <span class='ocrx_word' id='word_1_150' title='bbox 1048 3283 1149 3360; x_wconf 81' lang='lat' dir='ltr'>codd·</span> <span class='ocrx_word' id='word_1_151' title='bbox 1167 3309 1243 3360; x_wconf 84' lang='lat' dir='ltr'>mst-</span> <span class='ocrx_word' id='word_1_152' title='bbox 1270 3285 1383 3360; x_wconf 90' lang='lat' dir='ltr'>Musei</span> <span class='ocrx_word' id='word_1_153' title='bbox 1406 3287 1610 3387; x_wconf 83' lang='lat' dir='ltr'>Borgiani,</span> <span class='ocrx_word' id='word_1_154' title='bbox 1637 3289 1719 3380; x_wconf 76' lang='lat' dir='ltr'>sire¹</span> <span class='ocrx_word' id='word_1_155' title='bbox 1748 3288 1905 3386; x_wconf 85' lang='lat' dir='ltr'>denique</span> <span class='ocrx_word' id='word_1_156' title='bbox 1937 3286 1975 3360; x_wconf 89' lang='lat' dir='ltr'>iu</span> 
     </span>
     <span class='ocr_line' id='line_1_24' title="bbox 460 3385 1973 3488; baseline -0.003 -20"><span class='ocrx_word' id='word_1_157' title='bbox 460 3391 551 3468; x_wconf 90' lang='lat' dir='ltr'>meis</span> <span class='ocrx_word' id='word_1_158' title='bbox 574 3391 873 3466; x_wconf 82' lang='lat' dir='ltr'>annotationibus</span> <span class='ocrx_word' id='word_1_159' title='bbox 902 3390 938 3462; x_wconf 91' lang='lat' dir='ltr'>in</span> <span class='ocrx_word' id='word_1_160' title='bbox 957 3385 1224 3466; x_wconf 84' lang='lat' dir='ltr'>Amerariulrue</span> <span class='ocrx_word' id='word_1_161' title='bbox 1244 3387 1398 3463; x_wconf 83' lang='lat' dir='ltr'>lexicon</span> <span class='ocrx_word' id='word_1_162' title='bbox 1432 3391 1619 3488; x_wconf 90' lang='lat' dir='ltr'>productis</span> <span class='ocrx_word' id='word_1_163' title='bbox 1657 3391 1788 3481; x_wconf 88' lang='lat' dir='ltr'>docui,</span> <span class='ocrx_word' id='word_1_164' title='bbox 1812 3387 1973 3466; x_wconf 84' lang='lat' dir='ltr'>Budlteur</span> 
     </span>
     <span class='ocr_line' id='line_1_25' title="bbox 462 3489 1975 3591; baseline -0.002 -23"><span class='ocrx_word' id='word_1_165' title='bbox 462 3517 537 3568; x_wconf 90' lang='lat' dir='ltr'>esse</span> <span class='ocrx_word' id='word_1_166' title='bbox 562 3495 678 3590; x_wconf 89' lang='lat' dir='ltr'>ipsum</span> <span class='ocrx_word' id='word_1_167' title='bbox 709 3493 963 3580; x_wconf 80' lang='lat' dir='ltr'>Mercurium,</span> <span class='ocrx_word' id='word_1_168' title='bbox 1002 3506 1039 3566; x_wconf 88' lang='lat' dir='ltr'>et</span> <span class='ocrx_word' id='word_1_169' title='bbox 1071 3489 1218 3586; x_wconf 88' lang='lat' dir='ltr'>quidem</span> <span class='ocrx_word' id='word_1_170' title='bbox 1258 3505 1356 3571; x_wconf 73' lang='lat' dir='ltr'>teste⁴</span> <span class='ocrx_word' id='word_1_171' title='bbox 1389 3493 1627 3568; x_wconf 81' lang='lat' dir='ltr'>Amarasinha</span> <span class='ocrx_word' id='word_1_172' title='bbox 1653 3491 1786 3591; x_wconf 69' lang='lat' dir='ltr'>Milyae</span> <span class='ocrx_word' id='word_1_173' title='bbox 1823 3489 1975 3566; x_wconf 79' lang='lat' dir='ltr'>deaeli-</span> 
     </span>
    </p>

    <p class='ocr_par' dir='ltr' id='par_1_15' title="bbox 390 3591 2052 5231">
     <span class='ocr_line' id='line_1_26' title="bbox 390 3591 2015 3694; baseline -0.001 -26"><span class='ocrx_word' id='word_1_174' title='bbox 390 3641 395 3650; x_wconf 92' lang='lat'>·</span> <span class='ocrx_word' id='word_1_175' title='bbox 464 3595 584 3670; x_wconf 91' lang='lat' dir='ltr'>lium·</span> <span class='ocrx_word' id='word_1_176' title='bbox 613 3594 716 3686; x_wconf 78' lang='lat' dir='ltr'>Qud</span> <span class='ocrx_word' id='word_1_177' title='bbox 743 3594 855 3694; x_wconf 84' lang='lat' dir='ltr'>igitur</span> <span class='ocrx_word' id='word_1_178' title='bbox 884 3591 1181 3692; x_wconf 82' lang='lat' dir='ltr'>excogitaverunt</span> <span class='ocrx_word' id='word_1_179' title='bbox 1220 3592 1326 3665; x_wconf 89' lang='lat' dir='ltr'>ambo</span> <span class='ocrx_word' id='word_1_180' title='bbox 1363 3593 1401 3665; x_wconf 89' lang='lat' dir='ltr'>hi</span> <span class='ocrx_word' id='word_1_181' title='bbox 1429 3593 1553 3670; x_wconf 87' lang='lat' dir='ltr'>eximii</span> <span class='ocrx_word' id='word_1_182' title='bbox 1583 3597 1760 3670; x_wconf 90' lang='lat' dir='ltr'>librorum</span> <span class='ocrx_word' id='word_1_183' title='bbox 1792 3597 1978 3670; x_wconf 88' lang='lat' dir='ltr'>traducto·</span> <span class='ocrx_word' id='word_1_184' title='bbox 2013 3611 2015 3614; x_wconf 83' lang='grc'><strong><em>·</em></strong></span> 
     </span>
     <span class='ocr_line' id='line_1_27' title="bbox 464 3686 1978 3790; baseline 0 -20"><span class='ocrx_word' id='word_1_185' title='bbox 464 3701 553 3772; x_wconf 78' lang='lat' dir='ltr'>res?</span> <span class='ocrx_word' id='word_1_186' title='bbox 580 3694 740 3772; x_wconf 73' lang='lat' dir='ltr'>auitam</span> <span class='ocrx_word' id='word_1_187' title='bbox 775 3686 908 3790; x_wconf 79' lang='lat' dir='ltr'>Mdyoe</span> <span class='ocrx_word' id='word_1_188' title='bbox 935 3695 1044 3782; x_wconf 87' lang='lat' dir='ltr'>deae,</span> <span class='ocrx_word' id='word_1_189' title='bbox 1074 3713 1111 3768; x_wconf 89' lang='lat' dir='ltr'>et</span> <span class='ocrx_word' id='word_1_190' title='bbox 1133 3695 1316 3768; x_wconf 83' lang='lat' dir='ltr'>Mercurii</span> <span class='ocrx_word' id='word_1_191' title='bbox 1344 3692 1460 3770; x_wconf 90' lang='lat' dir='ltr'>filium</span> <span class='ocrx_word' id='word_1_192' title='bbox 1487 3721 1593 3786; x_wconf 88' lang='lat' dir='ltr'>esse,</span> <span class='ocrx_word' id='word_1_193' title='bbox 1621 3723 1665 3774; x_wconf 85' lang='lat' dir='ltr'>ex</span> <span class='ocrx_word' id='word_1_194' title='bbox 1695 3721 1773 3772; x_wconf 88' lang='lat' dir='ltr'>mea</span> <span class='ocrx_word' id='word_1_195' title='bbox 1798 3698 1978 3776; x_wconf 88' lang='lat' dir='ltr'>sententia</span> 
     </span>
     <span class='ocr_line' id='line_1_28' title="bbox 466 3794 1975 3898; baseline -0.001 -24"><span class='ocrx_word' id='word_1_196' title='bbox 466 3799 629 3887; x_wconf 86' lang='lat' dir='ltr'>docent,</span> <span class='ocrx_word' id='word_1_197' title='bbox 657 3799 756 3898; x_wconf 93' lang='lat' dir='ltr'>quod</span> <span class='ocrx_word' id='word_1_198' title='bbox 779 3815 921 3876; x_wconf 89' lang='lat' dir='ltr'>tantum</span> <span class='ocrx_word' id='word_1_199' title='bbox 950 3799 1076 3886; x_wconf 88' lang='lat' dir='ltr'>valet,</span> <span class='ocrx_word' id='word_1_200' title='bbox 1104 3819 1145 3870; x_wconf 86' lang='lat' dir='ltr'>ac</span> <span class='ocrx_word' id='word_1_201' title='bbox 1175 3795 1206 3870; x_wconf 96' lang='lat' dir='ltr'>si</span> <span class='ocrx_word' id='word_1_202' title='bbox 1237 3794 1401 3872; x_wconf 86' lang='lat' dir='ltr'>diceres:</span> <span class='ocrx_word' id='word_1_203' title='bbox 1433 3801 1659 3878; x_wconf 82' lang='lat' dir='ltr'>Mercurium</span> <span class='ocrx_word' id='word_1_204' title='bbox 1694 3818 1737 3876; x_wconf 85' lang='lat' dir='ltr'>ex</span> <span class='ocrx_word' id='word_1_205' title='bbox 1768 3803 1975 3888; x_wconf 84' lang='lat' dir='ltr'>Mercurio,</span> 
     </span>
     <span class='ocr_line' id='line_1_29' title="bbox 465 3900 1978 4002; baseline 0.001 -28"><span class='ocrx_word' id='word_1_206' title='bbox 465 3926 526 3978; x_wconf 90' lang='lat' dir='ltr'>seu</span> <span class='ocrx_word' id='word_1_207' title='bbox 560 3926 603 3976; x_wconf 87' lang='lat' dir='ltr'>ex</span> <span class='ocrx_word' id='word_1_208' title='bbox 628 3925 665 3976; x_wconf 89' lang='lat' dir='ltr'>se</span> <span class='ocrx_word' id='word_1_209' title='bbox 693 3900 774 3998; x_wconf 93' lang='lat' dir='ltr'>ipso</span> <span class='ocrx_word' id='word_1_210' title='bbox 801 3923 876 3976; x_wconf 85' lang='lat' dir='ltr'>esse</span> <span class='ocrx_word' id='word_1_211' title='bbox 903 3919 1058 3986; x_wconf 88' lang='lat' dir='ltr'>natum;</span> <span class='ocrx_word' id='word_1_212' title='bbox 1090 3923 1161 3996; x_wconf 89' lang='lat' dir='ltr'>qua</span> <span class='ocrx_word' id='word_1_213' title='bbox 1193 3923 1231 3973; x_wconf 93' lang='lat' dir='ltr'>re</span> <span class='ocrx_word' id='word_1_214' title='bbox 1262 3900 1452 3976; x_wconf 86' lang='lat' dir='ltr'>absurdius</span> <span class='ocrx_word' id='word_1_215' title='bbox 1496 3903 1587 3976; x_wconf 86' lang='lat' dir='ltr'>nihil</span> <span class='ocrx_word' id='word_1_216' title='bbox 1629 3905 1699 3979; x_wconf 90' lang='lat' dir='ltr'>dici</span> <span class='ocrx_word' id='word_1_217' title='bbox 1733 3905 1978 4002; x_wconf 54' lang='lat' dir='ltr'>potestativae</span> 
     </span>
     <span class='ocr_line' id='line_1_30' title="bbox 467 3991 1978 4100; baseline -0.001 -21"><span class='ocrx_word' id='word_1_218' title='bbox 467 3991 707 4094; x_wconf 73' lang='lat' dir='ltr'>luccltc‘rlielt,</span> <span class='ocrx_word' id='word_1_219' title='bbox 726 4003 794 4077; x_wconf 82' lang='lat' dir='ltr'>uie</span> <span class='ocrx_word' id='word_1_220' title='bbox 815 4001 1066 4100; x_wconf 78' lang='lat' dir='ltr'>urgesclticltl</span> <span class='ocrx_word' id='word_1_221' title='bbox 1086 4001 1229 4092; x_wconf 72' lang='lat' dir='ltr'>urnii,</span> <span class='ocrx_word' id='word_1_222' title='bbox 1258 4027 1332 4078; x_wconf 93' lang='lat' dir='ltr'>non</span> <span class='ocrx_word' id='word_1_223' title='bbox 1362 4005 1519 4084; x_wconf 86' lang='lat' dir='ltr'>semissis</span> <span class='ocrx_word' id='word_1_224' title='bbox 1559 4006 1724 4100; x_wconf 77' lang='lat' dir='ltr'>homines</span> <span class='ocrx_word' id='word_1_225' title='bbox 1753 4027 1881 4082; x_wconf 85' lang='lat' dir='ltr'>contra</span> <span class='ocrx_word' id='word_1_226' title='bbox 1913 4029 1978 4080; x_wconf 93' lang='lat' dir='ltr'>nos</span> 
     </span>
     <span class='ocr_line' id='line_1_31' title="bbox 462 4105 1978 4204; baseline -0.001 -22"><span class='ocrx_word' id='word_1_227' title='bbox 462 4133 565 4182; x_wconf 88' lang='lat' dir='ltr'>arma</span> <span class='ocrx_word' id='word_1_228' title='bbox 588 4105 733 4182; x_wconf 87' lang='lat' dir='ltr'>lerunt·</span> <span class='ocrx_word' id='word_1_229' title='bbox 763 4107 971 4184; x_wconf 86' lang='lat' dir='ltr'>Traducunt</span> <span class='ocrx_word' id='word_1_230' title='bbox 1001 4107 1141 4195; x_wconf 91' lang='lat' dir='ltr'>libros,</span> <span class='ocrx_word' id='word_1_231' title='bbox 1162 4123 1484 4196; x_wconf 89' lang='lat' dir='ltr'>commentantur,</span> <span class='ocrx_word' id='word_1_232' title='bbox 1502 4111 1766 4204; x_wconf 82' lang='lat' dir='ltr'>annotationes</span> <span class='ocrx_word' id='word_1_233' title='bbox 1782 4107 1978 4184; x_wconf 77' lang='lat' dir='ltr'>inferciunt</span> 
     </span>
     <span class='ocr_line' id='line_1_32' title="bbox 465 4207 1981 4310; baseline -0.003 -24"><span class='ocrx_word' id='word_1_234' title='bbox 465 4210 542 4286; x_wconf 88' lang='lat' dir='ltr'>sine</span> <span class='ocrx_word' id='word_1_235' title='bbox 564 4209 789 4307; x_wconf 89' lang='lat' dir='ltr'>inspectione</span> <span class='ocrx_word' id='word_1_236' title='bbox 822 4209 1069 4310; x_wconf 78' lang='lat' dir='ltr'>autographi,</span> <span class='ocrx_word' id='word_1_237' title='bbox 1098 4207 1275 4282; x_wconf 89' lang='lat' dir='ltr'>intricant</span> <span class='ocrx_word' id='word_1_238' title='bbox 1302 4231 1456 4296; x_wconf 88' lang='lat' dir='ltr'>sensum</span> <span class='ocrx_word' id='word_1_239' title='bbox 1477 4229 1514 4286; x_wconf 92' lang='lat' dir='ltr'>et</span> <span class='ocrx_word' id='word_1_240' title='bbox 1545 4215 1653 4286; x_wconf 91' lang='lat' dir='ltr'>verba</span> <span class='ocrx_word' id='word_1_241' title='bbox 1666 4213 1901 4300; x_wconf 86' lang='lat' dir='ltr'>,auctoribus</span> <span class='ocrx_word' id='word_1_242' title='bbox 1917 4209 1981 4283; x_wconf 85' lang='lat' dir='ltr'>lal-</span> 
     </span>
     <span class='ocr_line' id='line_1_33' title="bbox 465 4309 1978 4412; baseline -0.003 -24"><span class='ocrx_word' id='word_1_243' title='bbox 465 4335 522 4388; x_wconf 88' lang='lat' dir='ltr'>sas</span> <span class='ocrx_word' id='word_1_244' title='bbox 543 4313 733 4398; x_wconf 39' lang='lat' dir='ltr'>doctrinas,</span> <span class='ocrx_word' id='word_1_245' title='bbox 751 4313 986 4412; x_wconf 83' lang='lat' dir='ltr'>appingunt,</span> <span class='ocrx_word' id='word_1_246' title='bbox 1018 4329 1055 4386; x_wconf 88' lang='lat' dir='ltr'>et</span> <span class='ocrx_word' id='word_1_247' title='bbox 1084 4309 1294 4390; x_wconf 83' lang='lat' dir='ltr'>Lectoribus</span> <span class='ocrx_word' id='word_1_248' title='bbox 1322 4311 1482 4406; x_wconf 89' lang='lat' dir='ltr'>illudunt</span> <span class='ocrx_word' id='word_1_249' title='bbox 1513 4337 1557 4386; x_wconf 91' lang='lat' dir='ltr'>eo</span> <span class='ocrx_word' id='word_1_250' title='bbox 1575 4315 1655 4409; x_wconf 89' lang='lat' dir='ltr'>ipso</span> <span class='ocrx_word' id='word_1_251' title='bbox 1684 4331 1873 4408; x_wconf 89' lang='lat' dir='ltr'>tempore,</span> <span class='ocrx_word' id='word_1_252' title='bbox 1902 4335 1978 4409; x_wconf 92' lang='lat' dir='ltr'>quo</span> 
     </span>
     <span class='ocr_line' id='line_1_34' title="bbox 466 4411 1979 4511; baseline -0.003 -24"><span class='ocrx_word' id='word_1_253' title='bbox 466 4437 591 4487; x_wconf 89' lang='lat' dir='ltr'>eorum</span> <span class='ocrx_word' id='word_1_254' title='bbox 621 4431 778 4488; x_wconf 89' lang='lat' dir='ltr'>mentem</span> <span class='ocrx_word' id='word_1_255' title='bbox 805 4415 989 4490; x_wconf 86' lang='lat' dir='ltr'>illustrare</span> <span class='ocrx_word' id='word_1_256' title='bbox 1017 4413 1250 4488; x_wconf 86' lang='lat' dir='ltr'>debuissent.</span> <span class='ocrx_word' id='word_1_257' title='bbox 1285 4413 1336 4484; x_wconf 84' lang='lat' dir='ltr'>En</span> <span class='ocrx_word' id='word_1_258' title='bbox 1377 4415 1592 4511; x_wconf 85' lang='lat' dir='ltr'>autographi</span> <span class='ocrx_word' id='word_1_259' title='bbox 1640 4411 1710 4486; x_wconf 86' lang='lat' dir='ltr'>mei</span> <span class='ocrx_word' id='word_1_260' title='bbox 1750 4414 1858 4487; x_wconf 86' lang='lat' dir='ltr'>verba</span> <span class='ocrx_word' id='word_1_261' title='bbox 1889 4413 1979 4488; x_wconf 88' lang='lat' dir='ltr'>edit·</span> 
     </span>
     <span class='ocr_line' id='line_1_35' title="bbox 468 4511 1979 4616; baseline -0.001 -28"><span class='ocrx_word' id='word_1_262' title='bbox 468 4517 576 4588; x_wconf 90' lang='lat' dir='ltr'>Rom.</span> <span class='ocrx_word' id='word_1_263' title='bbox 596 4518 702 4612; x_wconf 79' lang='lat'><strong>1796·</strong></span> <span class='ocrx_word' id='word_1_264' title='bbox 731 4541 813 4616; x_wconf 84' lang='lat' dir='ltr'>pag·</span> <span class='ocrx_word' id='word_1_265' title='bbox 829 4535 916 4612; x_wconf 86' lang='lat'><strong>377.</strong></span> <span class='ocrx_word' id='word_1_266' title='bbox 939 4517 990 4590; x_wconf 78' lang='lat' dir='ltr'>la</span> <span class='ocrx_word' id='word_1_267' title='bbox 1012 4538 1109 4615; x_wconf 86' lang='lat' dir='ltr'>grau</span> <span class='ocrx_word' id='word_1_268' title='bbox 1136 4513 1231 4589; x_wconf 82' lang='lat' dir='ltr'>deiri</span> <span class='ocrx_word' id='word_1_269' title='bbox 1255 4513 1293 4586; x_wconf 86' lang='lat' dir='ltr'>di</span> <span class='ocrx_word' id='word_1_270' title='bbox 1308 4515 1437 4586; x_wconf 84' lang='lat' dir='ltr'>Ceilan</span> <span class='ocrx_word' id='word_1_271' title='bbox 1454 4511 1471 4586; x_wconf 83' lang='lat' dir='ltr'>i</span> <span class='ocrx_word' id='word_1_272' title='bbox 1487 4517 1608 4588; x_wconf 86' lang='lat' dir='ltr'>Budha</span> <span class='ocrx_word' id='word_1_273' title='bbox 1627 4538 1645 4586; x_wconf 88' lang='lat' dir='ltr'>o</span> <span class='ocrx_word' id='word_1_274' title='bbox 1663 4515 1851 4604; x_wconf 85' lang='lat' dir='ltr'>Godama,</span> <span class='ocrx_word' id='word_1_275' title='bbox 1870 4513 1979 4612; x_wconf 86' lang='lat' dir='ltr'>figlio</span> 
     </span>
     <span class='ocr_line' id='line_1_36' title="bbox 468 4611 1980 4717; baseline -0.001 -26"><span class='ocrx_word' id='word_1_276' title='bbox 468 4617 509 4691; x_wconf 82' lang='lat' dir='ltr'>di</span> <span class='ocrx_word' id='word_1_277' title='bbox 527 4623 660 4717; x_wconf 80' lang='lat' dir='ltr'>Mdya,</span> <span class='ocrx_word' id='word_1_278' title='bbox 688 4621 873 4694; x_wconf 86' lang='lat' dir='ltr'>Mercurio</span> <span class='ocrx_word' id='word_1_279' title='bbox 905 4619 954 4692; x_wconf 92' lang='lat' dir='ltr'>od</span> <span class='ocrx_word' id='word_1_280' title='bbox 983 4619 1124 4708; x_wconf 81' lang='lat' dir='ltr'>Ermu,</span> <span class='ocrx_word' id='word_1_281' title='bbox 1152 4616 1216 4694; x_wconf 84' lang='lat' dir='ltr'>cite</span> <span class='ocrx_word' id='word_1_282' title='bbox 1252 4617 1348 4691; x_wconf 83' lang='lat' dir='ltr'>riede</span> <span class='ocrx_word' id='word_1_283' title='bbox 1376 4611 1466 4688; x_wconf 78' lang='lat' dir='ltr'>colle</span> <span class='ocrx_word' id='word_1_284' title='bbox 1488 4619 1615 4713; x_wconf 66' lang='lat' dir='ltr'>gumiae</span> <span class='ocrx_word' id='word_1_285' title='bbox 1638 4620 1851 4696; x_wconf 82' lang='lat' dir='ltr'>irrcrociere·</span> <span class='ocrx_word' id='word_1_286' title='bbox 1887 4615 1980 4692; x_wconf 83' lang='lat' dir='ltr'>Heic</span> 
     </span>
     <span class='ocr_line' id='line_1_37' title="bbox 469 4715 1978 4818; baseline 0.001 -26"><span class='ocrx_word' id='word_1_287' title='bbox 469 4715 597 4792; x_wconf 85' lang='lat' dir='ltr'>Budltu</span> <span class='ocrx_word' id='word_1_288' title='bbox 625 4743 686 4792; x_wconf 89' lang='lat' dir='ltr'>seu</span> <span class='ocrx_word' id='word_1_289' title='bbox 712 4720 871 4794; x_wconf 86' lang='lat' dir='ltr'>Codoma</span> <span class='ocrx_word' id='word_1_290' title='bbox 891 4724 1098 4794; x_wconf 85' lang='lat' dir='ltr'>Mercurius</span> <span class='ocrx_word' id='word_1_291' title='bbox 1122 4745 1196 4794; x_wconf 86' lang='lat' dir='ltr'>esse</span> <span class='ocrx_word' id='word_1_292' title='bbox 1219 4719 1417 4804; x_wconf 86' lang='lat' dir='ltr'>asseritur,</span> <span class='ocrx_word' id='word_1_293' title='bbox 1446 4736 1482 4789; x_wconf 88' lang='lat' dir='ltr'>et</span> <span class='ocrx_word' id='word_1_294' title='bbox 1510 4721 1655 4816; x_wconf 86' lang='lat' dir='ltr'>quidem</span> <span class='ocrx_word' id='word_1_295' title='bbox 1680 4719 1811 4818; x_wconf 80' lang='lat' dir='ltr'>Mdyne</span> <span class='ocrx_word' id='word_1_296' title='bbox 1835 4721 1920 4796; x_wconf 92' lang='lat' dir='ltr'>deae</span> <span class='ocrx_word' id='word_1_297' title='bbox 1937 4717 1978 4794; x_wconf 83' lang='lat' dir='ltr'>fi-</span> 
     </span>
     <span class='ocr_line' id='line_1_38' title="bbox 468 4817 1980 4922; baseline 0.001 -28"><span class='ocrx_word' id='word_1_298' title='bbox 468 4821 540 4895; x_wconf 89' lang='lat' dir='ltr'>lius</span> <span class='ocrx_word' id='word_1_299' title='bbox 563 4841 609 4894; x_wconf 87' lang='lat' dir='ltr'>ex</span> <span class='ocrx_word' id='word_1_300' title='bbox 630 4820 710 4917; x_wconf 92' lang='lat' dir='ltr'>ipso</span> <span class='ocrx_word' id='word_1_301' title='bbox 738 4823 868 4894; x_wconf 87' lang='lat' dir='ltr'>indico</span> <span class='ocrx_word' id='word_1_302' title='bbox 899 4819 1370 4918; x_wconf 82' lang='lat' dir='ltr'>ScriptoreAmaruriulto·</span> <span class='ocrx_word' id='word_1_303' title='bbox 1400 4817 1588 4912; x_wconf 78' lang='lat' dir='ltr'>Quaenam</span> <span class='ocrx_word' id='word_1_304' title='bbox 1619 4822 1731 4922; x_wconf 84' lang='lat' dir='ltr'>igitur</span> <span class='ocrx_word' id='word_1_305' title='bbox 1761 4847 1860 4898; x_wconf 90' lang='lat' dir='ltr'>mens</span> <span class='ocrx_word' id='word_1_306' title='bbox 1876 4826 1980 4898; x_wconf 89' lang='lat' dir='ltr'>male·</span> 
     </span>
     <span class='ocr_line' id='line_1_39' title="bbox 469 4921 2052 5024; baseline 0 -26"><span class='ocrx_word' id='word_1_307' title='bbox 469 4947 554 4998; x_wconf 88' lang='lat' dir='ltr'>sana</span> <span class='ocrx_word' id='word_1_308' title='bbox 580 4923 646 4996; x_wconf 86' lang='lat' dir='ltr'>ltos</span> <span class='ocrx_word' id='word_1_309' title='bbox 673 4924 902 4996; x_wconf 87' lang='lat' dir='ltr'>traductores</span> <span class='ocrx_word' id='word_1_310' title='bbox 921 4923 1090 5012; x_wconf 90' lang='lat' dir='ltr'>invasit,</span> <span class='ocrx_word' id='word_1_311' title='bbox 1119 4941 1159 4997; x_wconf 91' lang='lat' dir='ltr'>ut</span> <span class='ocrx_word' id='word_1_312' title='bbox 1187 4921 1378 5012; x_wconf 83' lang='lat' dir='ltr'>Budlram,</span> <span class='ocrx_word' id='word_1_313' title='bbox 1410 4921 1448 4996; x_wconf 88' lang='lat' dir='ltr'>id</span> <span class='ocrx_word' id='word_1_314' title='bbox 1462 4927 1777 5013; x_wconf 87' lang='lat' dir='ltr'>est‚Mercurium</span> <span class='ocrx_word' id='word_1_315' title='bbox 1804 4925 1980 5000; x_wconf 88' lang='lat' dir='ltr'>Mercurii</span> <span class='ocrx_word' id='word_1_316' title='bbox 2038 4997 2052 5024; x_wconf 86' lang='lat'><strong>.</strong></span> 
     </span>
     <span class='ocr_line' id='line_1_40' title="bbox 466 5023 1981 5128; baseline 0.001 -29"><span class='ocrx_word' id='word_1_317' title='bbox 466 5023 581 5101; x_wconf 85' lang='lat' dir='ltr'>lilium</span> <span class='ocrx_word' id='word_1_318' title='bbox 616 5049 689 5102; x_wconf 90' lang='lat' dir='ltr'>esse</span> <span class='ocrx_word' id='word_1_319' title='bbox 722 5027 876 5116; x_wconf 90' lang='lat' dir='ltr'>dicant,</span> <span class='ocrx_word' id='word_1_320' title='bbox 906 5025 1168 5128; x_wconf 84' lang='lat' dir='ltr'>mythologiam</span> <span class='ocrx_word' id='word_1_321' title='bbox 1200 5025 1357 5100; x_wconf 87' lang='lat' dir='ltr'>Indicam</span> <span class='ocrx_word' id='word_1_322' title='bbox 1387 5045 1634 5122; x_wconf 89' lang='lat' dir='ltr'>pervertant,</span> <span class='ocrx_word' id='word_1_323' title='bbox 1678 5047 1785 5124; x_wconf 83' lang='lat' dir='ltr'>atque</span> <span class='ocrx_word' id='word_1_324' title='bbox 1812 5027 1981 5106; x_wconf 84' lang='lat' dir='ltr'>Auctori-</span> 
     </span>
     <span class='ocr_line' id='line_1_41' title="bbox 466 5125 1980 5231; baseline 0.002 -30"><span class='ocrx_word' id='word_1_325' title='bbox 466 5129 532 5204; x_wconf 86' lang='lat' dir='ltr'>bus</span> <span class='ocrx_word' id='word_1_326' title='bbox 563 5151 622 5204; x_wconf 90' lang='lat' dir='ltr'>res</span> <span class='ocrx_word' id='word_1_327' title='bbox 642 5131 684 5204; x_wconf 91' lang='lat' dir='ltr'>ab</span> <span class='ocrx_word' id='word_1_328' title='bbox 705 5151 743 5204; x_wconf 85' lang='lat' dir='ltr'>se</span> <span class='ocrx_word' id='word_1_329' title='bbox 762 5129 969 5228; x_wconf 82' lang='lat' dir='ltr'>nequidem</span> <span class='ocrx_word' id='word_1_330' title='bbox 991 5128 1245 5231; x_wconf 90' lang='lat' dir='ltr'>persomnium</span> <span class='ocrx_word' id='word_1_331' title='bbox 1262 5129 1384 5216; x_wconf 85' lang='lat' dir='ltr'>visas,</span> <span class='ocrx_word' id='word_1_332' title='bbox 1408 5127 1491 5206; x_wconf 85' lang='lat' dir='ltr'>ficte</span> <span class='ocrx_word' id='word_1_333' title='bbox 1508 5151 1544 5206; x_wconf 87' lang='lat' dir='ltr'>et</span> <span class='ocrx_word' id='word_1_334' title='bbox 1557 5128 1730 5215; x_wconf 39' lang='lat' dir='ltr'>,simulate</span> <span class='ocrx_word' id='word_1_335' title='bbox 1748 5125 1980 5208; x_wconf 71' lang='lat' dir='ltr'>adscribant?</span> 
     </span>
    </p>
   </div>
   <div class='ocr_carea' id='block_1_3' title="bbox 0 0 2301 6276">
    <p class='ocr_par' dir='ltr' id='par_1_16' title="bbox 0 0 2301 6276">
     <span class='ocr_line' id='line_1_42' title="bbox 0 0 2301 6276; baseline 0 0"><span class='ocrx_word' id='word_1_336' title='bbox 0 0 2301 6276; x_wconf 95' lang='lat' dir='ltr'> </span> 
     </span>
    </p>
   </div>
  </div>
 </body>
</html>
