4552 6266
497 469 584 570 136

491 587 663 714 domus,
698 577 808 668 aliud
838 575 1064 694 templum.
1103 565 1480 664 σιιιιιιιιιᾶιιιιιιιιιίι
1497 601 1630 693 prope
1656 601 1806 698 pagum
1827 580 2002 672 brahma-

480 737 600 796 rrum
618 709 813 820 (adest)
845 712 1019 792 flumen.
1049 704 1215 790 Flumen
1241 704 1292 788 ad
1320 729 1495 818 pagum.
1526 702 1721 814 sudminr
1748 708 1854 794 itare
1878 713 1997 797 Siva·

494 837 570 938 ra,
602 835 710 921 aliud
736 857 794 918 est
817 833 1057 931 domiuus,
1065 831 1175 916 aliud
1200 855 1367 928 servus,
1392 855 1464 912 seu
1496 829 1604 920 aliud
1638 859 1785 920 servus
1819 863 1841 920 a
1874 837 2002 922 domi·

494 979 577 1046 no.
603 970 666 1048 Aa
696 955 884 1042 orlsrlnil
921 956 1127 1070 usquead
1157 953 1371 1040 arborem
1400 953 1718 1111 Arilsignificar
1732 981 1883 1069 prope,
1902 963 1999 1044 item

494 1086 639 1208 longe
636 1112 719 1170 seu
751 1085 796 1166 in
827 1081 1053 1168 distantia.

539 1210 700 1324 V.
724 1213 872 1306 Locus
896 1227 938 1290 er
966 1228 1128 1326 tempus
1148 1227 1331 1356 respectu
1351 1204 1510 1290 alterius
1538 1209 1622 1294 loci
1651 1231 1695 1292 et
1715 1211 1914 1322 temporis
1930 1233 2000 1322 po·

465 1355 650 1466 'nuntur
676 1338 716 1417 in
749 1333 828 1418 ltoc
853 1331 1056 1429 ablativo,
1088 1359 1127 1414 v.
1116 1359 1183 1447 ..g
1210 1331 1316 1444 iram
1323 1317 1503 1442 grimal
1533 1333 1761 1442 piruadicr
1776 1391 1790 1433 ,
1816 1357 1998 1446 respectu

494 1451 589 1578 pagi
619 1459 822 1544 orientalis
854 1457 950 1542 haec
981 1457 1124 1571 regio·
1157 1465 1281 1600 Ayanp
1320 1455 1492 1568 nugarol
1519 1457 1649 1564 putori
1680 1461 1797 1542 desita
1821 1515 1834 1554 ,
1862 1487 1993 1570 respe-

495 1611 565 1680 ctu
603 1585 713 1670 urbis
743 1585 944 1668 orientalis
976 1582 1333 1700 haecprorincia,
1360 1607 1431 1666 seu
1473 1583 1522 1666 ab
1568 1585 1668 1668 urbe
1712 1588 1922 1696 provincia
1950 1583 1999 1670 ad

497 1714 693 1798 orientem
721 1711 817 1792 sita.
856 1703 1025 1792 Grdmil
1053 1701 1266 1786 dakscltini
1291 1704 1431 1786 vasari
1458 1733 1484 1788 a.
1500 1735 1605 1821 pago
1637 1711 1687 1794 ad
1715 1712 1921 1794 meridiem
1938 1709 2000 1792 ha·

497 1835 628 1919 bitat·
654 1829 852 1943 Nagarrid
882 1828 1019 1914 attera*
1046 1829 1214 1928 vasari,
1239 1828 1289 1912 ab
1316 1829 1415 1916 urbe
1448 1833 1497 1916 ad
1526 1839 1692 1918 Boream
1725 1835 1901 1918 habitat.
1931 1841 1999 1917 Sa·

499 1957 751 2045 mavalsardl
776 1955 907 2066 parui
935 1953 1080 2052 mira,
1107 1954 1158 2038 ab
1188 1973 1296 2038 anno
1322 1957 1563 2065 praecedens
1590 1962 1760 2056 mensis,
1785 1985 1855 2046 seu
1885 1986 1997 2044 men·

497 2089 547 2170 sis
578 2111 727 2172 annum
762 2080 1033 2168 antecedens.
1075 2077 1256 2164 mamad
1291 2077 1469 2166 ιιιιιιιιὶιιι
1503 2085 1667 2166 maranti
1695 2083 1996 2184 esclandltila,

498 2238 522 2296 a
550 2237 655 2324 pago
677 2210 730 2294 ad
757 2212 923 2294 Boream
957 2208 1096 2319 utique
1125 2203 1307 2288 babitau't
1330 2215 1451 2298 Parra
1476 2210 1493 2316 (
1514 2210 1874 2308 vilissimatribus)
1904 2207 1999 2292 foex
2032 2227 2040 2244 ·

498 2335 661 2450 plebis.
688 2337 798 2417 Haec
827 2334 990 2417 nomina
1025 2331 1101 2412 loci
1144 2353 1185 2424 et
1226 2329 1411 2436 temporis
1454 2334 1576 2415 etiam
1620 2335 1799 2418 construi
1833 2339 2001 2444 possunt

365 2461 368 2468 '
500 2488 593 2545 cum
621 2458 677 2541 VI
708 2487 800 2543 casu
826 2485 895 2546 seu
932 2477 1069 2540 nostro
1106 2456 1325 2553 Genitivo,
1351 2483 1388 2538 ιι.
1416 2483 1454 2568 g.
1502 2463 1717 2573 Gramasya
1746 2453 2000 2540 dalsrltinati

499 2585 665 2678 vasari,
696 2583 787 2697 pagi
818 2584 867 2668 ad
896 2583 1099 2666 meridiem
1135 2579 1322 2679 habitat,
1362 2582 1412 2664 ad
1455 2583 1662 2668 meridiem
1695 2586 1786 2696 pagi
1814 2584 1997 2668 habitat.

503 2705 864 2823 Grimasyittarati
887 2707 1049 2804 vasari,
1071 2707 1161 2818 pagi
1186 2706 1235 2790 ad
1262 2707 1588 2816 septemtrionem
1623 2708 1801 2798 habitat.
1835 2705 1999 2790 Grdma·
2112 2721 2121 2738 ⁸

500 2861 568 2950 syo
587 2851 750 2942 paracta
775 2835 803 2916 d
825 2831 990 2928 vasari,
1027 2832 1117 2942 pagi
1138 2831 1340 2924 adortum
1370 2828 1547 2914 habitat.
1579 2835 1673 2915 Dici
1693 2834 1807 2916 etism
1837 2853 2001 2942 potest,

501 2956 673 3072 nagartil
697 2957 951 3046 daksriinara
976 2952 1027 3058 ab
1056 2952 1155 3038 urbe
1185 2956 1236 3040 ad
1264 2953 1494 3052 meridiem,
1514 2954 2001 3068 nagarasyadalrrcltinata

504 3086 612 3169 urbis
642 3086 691 3170 ad
715 3085 945 3178 meridiem,
964 3080 1160 3193 graiasya
1190 3076 1370 3186 parasti!
1398 3079 1591 3182 hravan,
1619 3077 1765 3167 domils
1791 3084 1842 3168 ad
1864 3101 2001 3165 orrum
2042 3157 2050 3166 ,

503 3213 631 3295 existit
657 3217 734 3298 &c
762 3207 1032 3296 Daksclsinata
1067 3201 1263 3319 significat
1289 3233 1338 3290 ex
1372 3225 1482 3316 parte
1512 3205 1790 3302 meridionali,
1823 3222 2002 3290 ιιιιιιιιιιιι

504 3359 690 3450 exparte
718 3334 872 3416 boreali
902 3387 916 3430 ,
949 3329 1129 3412 Purasrai
1156 3352 1196 3412 et
1215 3329 1400 3437 parastal
1432 3357 1481 3418 ex
1506 3353 1618 3460 parte
1651 3331 1870 3417 orientalia
1903 3353 2005 3446 quae

404 3495 407 3502 ²
504 3467 733 3576 junguntur
761 3485 858 3541 cunr
881 3454 1054 3540 ablativo
1087 3451 1153 3538 vel
1178 3454 1395 3568 genitivo.
1552 3473 1562 3480 ·

633 3582 703 3666 Vl.
766 3578 970 3666 Aduerbio
993 3576 1318 3694 Prtbaer,oina,
1339 3573 1541 3663 ndndsine
1560 3579 2006 3696 ,absque,admittunt

505 3708 798 3806 accusativum,
827 3703 1042 3788 ablativum
1066 3705 1240 3816 primurn
1271 3724 1341 3786 aut
1362 3704 1585 3790 secundum
1604 3733 1670 3802 ,v.
1686 3733 1725 3819 g.
1751 3699 2004 3805 Dianinami
2037 3723 2048 3738 ·

509 3829 708 3934 laislmi,
739 3832 822 3914 sine
847 3830 1039 3942 sapientia
1069 3827 1355 3939 pulchritudo,
1390 3853 1515 3941 opes,
1550 3827 1744 3914 Gramina
1754 3826 2004 4018 Vegetio·

509 3990 580 4061 ιιι,
612 3957 675 4043 vel
694 3951 857 4070 grimil
878 3951 1187 4066 prtagmilrira,
1218 3956 1303 4036 sine
1331 3979 1437 4066 pago
1472 3953 1719 4038 delubrum.

633 4086 726 4166 Hoc
763 4081 908 4165 eodem
948 4079 1076 4164 modo
1113 4079 1362 4163 construitur
1396 4076 1539 4162 duram
1560 4077 1736 4176 distans,
1770 4077 1941 4163 anticam
1970 4098 2010 4162 et

509 4205 772 4322 ablryasltam,
783 4229 1092 4317 propinquum,
1124 4205 1302 4287 vicinum
1321 4227 1394 4302 ,v.
1383 4229 1451 4315 ..g
1481 4199 1636 4288 Dirum
1671 4227 1924 4348 ιιιμιιιιγιιἱ
1947 4200 2097 4292 vel

508 4335 651 4418 deiram
675 4325 843 4454 negaral
873 4329 1017 4411 distans
1044 4325 1112 4412 ab
1126 4325 1253 4428 urbe,
1283 4323 1456 4416 anticam
1474 4353 1724 4445 nagarasya,
1758 4324 1822 4412 uel
1835 4327 2008 4414 ιιιιιιιιιιιι
2085 4353 2087 4356 ·

513 4445 706 4569 nugarol,
741 4444 892 4539 urbi
855 4452 1061 4542 vicinum.
1142 4463 1156 4524 ’.
