4604 6274
279 572 282 594 ⁴
331 567 468 709 gionis
497 581 719 670 Tibetanac
749 583 978 670 institutore
1025 609 1076 668 en
1107 575 1345 669 santonum
1377 603 1451 668 sets
1488 579 1645 672 india'
1632 611 1679 672 tn
1710 471 1848 673 Τιὲὂζιῗ
1920 560 1922 569 “

328 737 459 828 tegna
481 711 639 824 perlatis
670 714 776 797 circa
799 739 950 797 annum
983 709 1136 794 Christi
1167 712 1271 810 Lu,
1304 737 1390 825 quo
1425 711 1545 795 India
1579 738 1663 797 non
1694 714 1844 829 exigue

330 839 530 926 librorum
564 839 683 950 copia
710 835 923 938 affluebat,
952 863 1050 921 cum
1077 857 1181 921 teste
1211 839 1252 920 S.
1273 838 1503 948 Epiphanio
1541 836 1611 920 lib.
1634 866 1675 945 3.
1711 856 1846 923 contra

331 965 541 1062 haereses,
575 985 675 1046 tom.
703 995 742 1048 2.
769 992 861 1078 pag.
880 971 985 1074 485.
1004 964 1102 1048 edit.
1118 961 1232 1060 Bae3
1256 960 1515 1072 Septuaginta
1539 963 1640 1046 duae
1669 961 1847 1066 injocuu·

329 1081 407 1176 aaa
435 1089 702 1196 philosophiae
736 1090 880 1197 aperire
918 1089 962 1172 in
992 1091 1179 1171 Indorum
1209 1088 1398 1173 sodalitio
1424 1087 1694 1174 haberentur.
1725 1087 1847 1178 Adde

329 1213 393 1300 his
423 1239 706 1311 astronomos,
732 1215 986 1329 astrologos,
1015 1218 1375 1330 grammaticos‚et
1410 1239 1578 1327 poetas,
1597 1205 1844 1332 quietique

333 1365 419 1422 non
458 1367 633 1438 arettae,
670 1343 739 1425 sed
764 1340 840 1424 llis
861 1369 930 1428 seu
951 1343 1171 1458 palmarum
1208 1339 1313 1427 loliis
1335 1369 1433 1428 suos
1460 1367 1655 1430 versus-et
1670 1345 1847 1433 camina

332 1465 637 1550 inscribebant.

460 1593 533 1674 lv.
595 1595 770 1680 Chartae
796 1595 1056 1680 bambacinae
1076 1589 1354 1680 inscribendo
1375 1621 1471 1704 usus
1499 1594 1607 1708 apud
1635 1594 1762 1682 indos
1780 1619 1844 1680 ae⁴
1865 1587 1866 1594 ‘

332 1741 417 1808 tam
442 1720 884 1832 Christianamsupetat
901 1753 915 1816 ι
930 1724 1168 1835 quodvario
1195 1742 1524 1833 argumentorum
1547 1748 1694 1838 genere
1712 1740 1844 1818 osten·
1884 1725 1894 1736 “

334 1843 378 1926 di
408 1869 565 1954 potest.
596 1849 697 1929 Nam
730 1851 772 1927 in
799 1851 1064 1957 inscriptione
1091 1845 1400 1955 Mougut'reusi,
1431 1870 1596 1936 comt.
1625 1872 1842 1957 pag.123.

332 1967 376 2048 in
401 1971 506 2052 libro
533 1971 708 2056 Asiatici
729 1971 955 2054 Rostarcltes
986 1973 1202 2079 inscripto,
1229 1969 1374 2068 relata,
1406 1997 1498 2088 pag.
1521 1985 1624 2076 ¹²7²
1655 1971 1836 2054 dicituro

332 2096 450 2206 quod
471 2095 604 2178 Batti·
597 2097 898 2178 dishouoaram
931 2097 1065 2178 Misra
1099 2095 1291 2176 brahman
1324 2095 1496 2206 adeptus
1520 2093 1641 2180 fuerit
1673 2121 1838 2180 omnem
1871 2175 1872 2178 a

331 2217 528 2302 librorum
556 2223 884 2332 intelligentiam.
919 2223 1002 2308 lam
1034 2245 1135 2302 veto
1167 2219 1205 2299 hi
1241 2219 1336 2300 libri
1365 2243 1432 2304 aut
1461 2247 1510 2303 ex
1545 2219 1654 2316 olis,
1688 2241 1758 2303 aut
1788 2244 1839 2304 err

333 2343 469 2452 charta
497 2342 731 2426 bambacina
750 2342 926 2432 confecti
951 2342 1100 2428 fuerint
1127 2366 1186 2428 est
1217 2349 1401 2443 necesses
1424 2345 1639 2458 quomodo
1668 2345 1778 2428 enim
1794 2343 1840 2428 li·

332 2444 398 2551 hri
433 2469 512 2552 dici
545 2475 810 2580 potuissent,
843 2473 914 2553 nisi
956 2474 999 2552 in
1030 2471 1190 2554 materia
1233 2471 1406 2584 quadam
1436 2473 1660 2556 literarum
1706 2470 1839 2582 apices

332 2595 629 2678 ostendissent¹²
657 2593 839 2680 Refertur
883 2597 1090 2707 inscriptio
1125 2593 1422 2706 Mougnirensis
1461 2597 1512 2681 ad
1545 2619 1699 2681 annum
1729 2624 1838 2680 ιιιιιιι.
1939 2677 1941 2686 ,

333 2743 424 2804 ante
454 2721 552 2802 Chr.
588 2745 758 2818 natum,
789 2747 829 2805 er
853 2722 950 2806 haec
971 2723 1113 2808 eadem.
1131 2723 1172 2804 iu
1204 2721 1349 2805 latnina
1381 2749 1532 2834 cuprea
1567 2715 1722 2806 exarata
1746 2741 1834 2820 est,

333 2873 466 2960 quam.
487 2873 536 2928 ex
561 2873 747 2930 sermone
777 2850 1083 2934 samscrdamico
1113 2851 1393 2960 interpretatos
1429 2869 1488 2932 ert
1522 2847 1746 2962 praeclatus
1779 2847 1840 2930 vit

333 2971 510 3059 Carolus
536 2975 708 3056 Wilkins
737 3031 752 3054 .
782 2973 970 3058 Eustabat
1003 2999 1101 3088 ergo
1135 2975 1214 3079 jam
1249 2975 1319 3056 illo
1352 3001 1452 3058 aevo
1491 2976 1599 3088 apud
1639 2972 1764 3058 Indos
1792 2989 1835 3056 et

333 3097 568 3181 laminarum
598 3127 835 3209 caprearum
865 3128 988 3198 usus,
1022 3123 1062 3182 et
1087 3121 1195 3182 certa
1227 3101 1327 3183 tatio
1360 3099 1486 3184 libros
1510 3095 1751 3185 conficiendi
1767 3153 1780 3195 ,
1796 3118 1836 3180 et

333 3249 422 3304 mos
443 3223 582 3334 lingua
607 3227 907 3310 satnscrdamica
936 3225 1097 3338 publica
1118 3247 1381 3310 monumenta
1410 3225 1662 3311 describendi
1684 3280 1695 3303 .
1713 3219 1837 3306 Aliud

335 3375 618 3462 argumentum
651 3350 923 3435 subministrat
949 3353 1249 3437 Dictionariom
1281 3351 1582 3451 Amarasiulta,
1628 3375 1718 3434 nam
1757 3347 1838 3436 hoc

227 3569 237 3590 ⁸
336 3502 445 3562 anuo
477 3476 704 3558 Lv1.t.ante
734 3505 862 3582 aeram
898 3501 1073 3560 nostram
1099 3475 1306 3590 vulgarent
1325 3475 1400 3560 sub
1430 3505 1523 3590 rege
1550 3469 1840 3572 Vitraumirja

336 3603 387 3686 ab
422 3600 714 3700 amararum,
748 3603 869 3709 hujus
901 3605 1003 3715 regis
1038 3605 1268 3687 amanuensi
1307 3603 1579 3713 compositum
1612 3596 1733 3684 fuist
1753 3598 1839 3686 lom

338 3745 470 3808 autem
504 3727 581 3808 hoc
607 3728 736 3838 ipsum
763 3731 825 3812 vel
852 3732 893 3812 in
920 3725 994 3810 otis
1012 3785 1026 3827 ‚
1043 3729 1106 3812 vel
1137 3728 1179 3811 in
1211 3727 1346 3811 charta
1364 3726 1604 3812 bambacina
1635 3745 1839 3818 exaratum

335 3871 375 3933 et
406 3873 644 3932 asservatum
673 3847 793 3933 fuerit
822 3877 882 3934 est
899 3878 1083 3949 necesse,
1101 3878 1190 3934 tram
1222 3878 1327 3963 opus
1355 3873 1489 3936 tantae
1506 3845 1840 3962 m·olis,etquod

338 3974 557 4058 multorum
591 3977 777 4059 manibus
812 3979 888 4060 teti.
907 3975 1076 4073 debuit,
1110 3977 1150 4058 in
1185 3975 1276 4059 alias
1299 3997 1338 4059 et
1358 3975 1450 4058 alias
1477 4001 1642 4090 cupreas
1674 3973 1842 4058 laminas

336 4125 376 4185 et
405 4100 556 4182 tabulas
594 4096 727 4182 referti
761 4124 801 4184 et
837 4099 1045 4184 transcribi
1094 4103 1159 4183 vin
1198 4103 1366 4214 potuit..
1394 4099 1510 4182 Idem
1536 4097 1753 4184 dicendum
1786 4097 1840 4182 de

336 4226 579 4312 dulcissimis
603 4226 783 4329 versibus
814 4224 1058 4327 Cilicibus,
1089 4226 1238 4310 Poetae
1261 4251 1300 4309 et
1332 4225 1565 4336 Philosophi
1603 4223 1732 4307 Indici
1769 4249 1836 4309 ce·
1963 4261 1968 4271 ·

335 4351 574 4447 lebertimi,
602 4355 671 4466 qni
704 4351 1009 4434 Amarasiuham
1039 4371 1173 4434 ,aetate
1195 4353 1430 4463 praecessit,
1452 4375 1494 4434 et
1520 4351 1639 4456 cujus
1667 4349 1840 4461 operum

336 4479 467 4589 aliqua
495 4474 713 4589 fragmenta
744 4471 855 4560 affert
891 4479 945 4559 D.
969 4477 1095 4566 lones
1121 4500 1219 4560 tom.
1249 4507 1284 4560 1.
1317 4489 1423 4574 §.vn
1455 4477 1497 4558 in
1526 4475 1631 4558 libro
1661 4473 1840 4559 Asiatici
1909 4571 1920 4589 x

336 4602 564 4687 Rercarrlus
592 4597 680 4708 (U
700 4602 851 4690 Charta
881 4600 1119 4688 bambacina
1143 4604 1251 4689 Indis
1278 4600 1535 4716 radamiro,
1560 4589 1688 4686 Persis
1717 4623 1839 4709 onos

440 4843 477 4942 (*
479 4845 499 4943 J
552 4845 816 4922 Circumfert-ut
840 4803 1034 4925 hodiedum
1059 4873 1190 4944 poema
1214 4843 1534 4948 epicnmr'nindia
1560 4843 1840 4924 canuerun-
1953 4831 1959 4854 '

341 4945 504 5022 about·
492 4949 729 5045 suscriptum,
756 4953 781 5022 i·
800 4977 834 5031 e.
861 4956 1004 5029 Genesis
1036 4953 1091 5026 dei
1113 4952 1295 5041 Cumdro,
1322 4950 1424 5048 cujus
1449 4971 1575 5026 auctor
1590 4975 1667 5024 ttna
1676 4945 1840 5036 omnium

339 5049 960 5169 ludorumtoceesseperhibetur
989 5051 1185 5130 Cdlidrisu·
1214 5057 1303 5128 Vide
1332 5053 1493 5128 rodus.
1521 5047 1752 5127 nummio
1779 5069 1842 5120 ca·

333 5154 463 5252 calogo
485 5153 710 5256 anglicano
697 5156 908 5255 suscriptos
931 5157 980 5232 A
1008 5157 1117 5232 Catol
1119 5181 1206 5256 ogue
1228 5153 1276 5248 of
1297 5156 1488 5344 ὃσιιὶ-ινίω
1504 5153 1747 5252 Maamoriprr
1756 5167 1844 5249 pro-

1426 5285 1443 5345 t
