4612 6268
490 576 605 672 meis
642 571 954 674 Grnntinmicis
977 573 1248 679 Academiae
1273 578 1597 685 Brahmanicae
1620 590 1896 690 Tricinrensis
1930 625 1999 692 ac·

432 815 433 818 Ν
489 715 773 811 curatissima
809 749 947 813 manu
983 715 1256 851 descripsit,
1294 719 1588 858 deprompsi,
1624 759 1761 862 atque
1784 730 1844 828 ad
1868 731 1996 828 codi·
2078 721 2082 728 ¹

488 887 590 948 cent
627 849 765 948 chart.
785 889 862 950 ms.
885 857 1110 952 francisci
1136 866 1173 950 T
1169 863 1341 978 exeita,
1374 859 1614 1000 indigenae
1638 867 1769 986 indi,
1791 871 1874 962 rite
1889 903 1998 966 ton·

489 989 604 1113 tuli,
648 1027 784 1123 quent
819 1028 908 1130 ego
945 1029 1047 1090 rnea
1085 1029 1220 1094 manu
1256 1001 1349 1123 jam
1395 1031 1517 1100 anno
1563 1012 1705 1136 1778.
1749 1005 1994 1138 descripse-

489 1163 618 1226 ram.
649 1133 783 1246 Huic
803 1134 887 1265 ipsi
916 1129 1324 1265 locupletissimum
1363 1141 1755 1265 nomenclatorem
1791 1181 1855 1260 ex,
1876 1159 1999 1252 Anna·

488 1265 709 1404 rarinbn,
755 1305 810 1366 ert
841 1269 960 1368 libro
992 1271 1459 1412 Jndhisbtirnuidjin‚
1499 1317 1552 1380 ex
1585 1284 1877 1378 Dictionario
1918 1317 1994 1378 ms.

490 1405 809 1506 Hanxlediano
846 1407 1033 1526 addidi,
1069 1410 1266 1546 denique
1301 1451 1487 1516 omnem
1514 1455 1701 1553 operam
1736 1421 1924 1534 natavi,
1948 1447 1999 1516 ut

490 1544 601 1644 haee
638 1551 932 1681 grammatica
970 1547 1201 1684 locupleS‚
1230 1589 1345 1688 pura
1367 1627 1381 1679 ,
1406 1559 1580 1678 facilis,
1613 1587 1658 1655 et
1692 1559 1915 1654 concinna
1951 1557 2000 1654 in

494 1681 646 1784 iucem
681 1683 923 1818 prodiret.

631 1828 891 1928 Primaevus
944 1857 1104 1924 auctor
1148 1863 1339 1966 magnae
1367 1835 1689 1934 Brahmanicae
1732 1834 2000 1930 Grammati-

494 2065 572 2176 cae
606 2031 805 2132 creditur
843 2033 977 2134 fuisse
1007 2027 1208 2175 ΠῆἹῆἹ
1239 2047 1426 2163 Parnm,
1464 2080 1579 2143 unus
1633 2080 1685 2140 cx
1733 2043 1787 2137 iis
1839 2041 2002 2136 vereri·

495 2236 580 2338 bus
619 2239 774 2338 indiae
805 2241 1131 2378 pbilosophis,
1171 2283 1287 2380 quos
1314 2251 1568 2348 IndiMnni
1588 2287 1696 2368 ,seu
1731 2247 1998 2344 silentiarios

494 2410 690 2499 vocant,
727 2413 864 2512 atque
904 2414 952 2482 ut
989 2421 1174 2483 suarum
1217 2391 1379 2485 artium
1418 2423 1476 2486 et·
1501 2389 1839 2520 disciplinarum
1879 2385 2001 2480 insti·

495 2546 671 2617 tutores
707 2553 976 2624 venerantur
1012 2595 1028 2618 ,
1068 2525 1186 2620 Huic
1224 2533 1381 2624 coaevi
1421 2526 1544 2624 fuere
1588 2525 1796 2659 Catijann
1836 2552 1881 2618 et
1928 2535 2003 2616 Pa·

494 2657 655 2791 tntnnli
690 2655 785 2752 duo
820 2657 1119 2791 philosophi,
1167 2667 1244 2790 qui
1280 2667 1428 2762 eidem
1467 2701 1593 2761 suam
1640 2691 1860 2758 navarunt
1896 2694 2002 2790 ope·

478 2827 594 2922 ¹tarn
631 2799 679 2892 in
716 2792 791 2890 illa
827 2803 1123 2930 grammatica
1161 2801 1486 2930 perpolienda,
1525 2833 1569 2898 et
1612 2795 1916 2915 absolvenda,
1939 2802 2004 2892 ita

493 3003 960 3124 *tamen,ut1nnini0
992 2999 1169 3114 (saiw
1199 3005 1403 3124 thirsin,
1445 3041 1523 3102 seu
1567 3001 1640 3100 illa
1679 3005 2002 3139 grammaticae

494 3213 684 3337 -nrajoris
717 3245 850 3344 para,
889 3251 1005 3344 quae
1042 3209 1097 3308 de
1136 3245 1259 3308 recta
1295 3246 1340 3310 et
1375 3218 1593 3346 castigata
1628 3213 1858 3309 iiterarum
1902 3245 2006 3342 pro-

499 3355 794 3454 nunciatione
834 3353 961 3485 agit,
998 3351 1241 3483 praecipue
1284 3354 1588 3458 attribuatur.
1627 3353 1838 3444 Meminit
1871 3349 2005 3472 hujus

501 3561 700 3658 auctoris
726 3555 839 3652 liber
863 3556 1046 3658 Indicus
1101 3543 1414 3674 &gnosiacae
1473 3553 1808 3687 vidjndershann
1851 3623 1865 3671 ,
1924 3585 2004 3650 seu

497 3769 766 3864 scientiarum
802 3769 1031 3898 inspectio,
1069 3769 1341 3897 inscriptus,
1378 3765 1455 3860 cui
1488 3796 1590 3865 suas
1626 3759 1822 3888 eruditas
1863 3793 2007 3855 anno·

500 3909 696 4002 tationes
732 3903 897 4029 adjecit
944 3913 1006 4002 D.
1038 3916 1187 4022 Jnnes,
1229 3901 1340 3999 oiim
1385 3897 1659 3998 Academiae
1706 3896 2006 4002 Caicutranae

500 4049 714 4161 Praeses‚·
753 4071 869 4178 quae
910 4041 1165 4141 referuntur
1209 4071 1324 4137 torn.
1348 4047 1382 4136 Ι.
1421 4043 1467 4136 in
1507 4029 1697 4147 Asiatici<
1728 4035 2005 4150 Resenrches,

500 4223 548 4290 et
579 4184 700 4322 apud
740 4197 802 4285 D.
828 4179 931 4307 Joh.
960 4179 1084 4280 Frid.
1123 4173 1304 4293 Klenker·
1336 4209 1433 4274 tom.
1453 4185 1487 4276 Ι.
1525 4206 1665 4291 §.vnn
1699 4191 1923 4310 pag.2‚66,
1956 4173 2008 4268 de

500 4335 772 4436 Litterat'nrn
808 4327 955 4422 rndicn
986 4327 1034 4420 in
1066 4318 1186 4416 libro
1221 4355 1247 4418 a
1279 4315 1413 4432 nobis
1444 4316 1778 4446 supracitato.
1814 4310 1922 4407 Fide
1946 4311 2009 4415 di·
2104 4344 2110 4353 ·

501 4509 594 4608 gna
626 4499 720 4563 esse
762 4462 942 4561 videtur
976 4463 1088 4558 haec
1126 4455 1280 4556 Indica
1316 4453 1536 4570 traditio,
1575 4482 1716 4548 exstat
1759 4452 1879 4546 enim
1920 4450 2007 4564 sub

500 4615 670 4708 Paninii
702 4609 887 4704 nomine
919 4602 1166 4698 maximum
1205 4628 1250 4693 et
1275 4594 1662 4691 intricatissimum
1694 4591 2010 4720 grammatica·

497 4745 544 4845 ie
580 4783 696 4885 opus
735 4745 840 4874 (d),
877 4737 1008 4876 quod
1042 4741 1247 4870 Paninign
1282 4731 1576 4832 inscribitur.
1613 4723 1774 4846 Adde,
1812 4723 2010 4861 quodil·

604 5012 666 5113 (d)
718 5006 923 5104 Pantnrga·
949 5003 1042 5078 Vide
1066 5001 1110 5076 de
1132 5001 1334 5112 hotopere
1360 4995 1490 5070 librum
1525 4989 1831 5092 Vrdjndersrana,
1859 5011 1943 5110 mort
1959 4985 2008 5058 ci·

501 5133 645 5204 tatum,
672 5131 709 5190 et
732 5108 988 5190 annotationes
1015 5108 1063 5178 D·
1077 5103 1181 5200 Jonas
1205 5123 1246 5171 tn
1273 5097 1463 5174 eumdem.
1490 5097 1629 5172 Confer
1654 5097 1700 5169 R.
1714 5095 1752 5167 P·
1772 5095 2009 5172 cucumae·
