4612 6268
352 593 558 732 Vestigia
580 589 729 725 aliqua
761 581 904 691 Indici
924 469 1156 686 Scllnonis
1186 585 1233 680 in
1258 579 1408 684 insula
1435 577 1676 684 Malaccnsi
1698 583 1856 686 hodie-

343 733 463 834 ·dum
498 728 744 866 perstantia
779 729 948 864 reperit
969 721 1182 823 Marsica
1206 727 1321 848 (m).
1359 728 1463 824 Nec
1499 726 1703 844 mirum,
1747 759 1852 822 nam

351 872 438 972 alia
467 903 558 1006 ego
594 867 742 966 detexi
779 871 826 964 in
854 861 1019 962 ‘titulis
1052 895 1212 996 regum
1266 859 1438 962 insulae
1471 870 1740 988 Samarra(
1795 867 1853 986 ).

348 1017 445 1136 Jam
477 1041 592 1142 crgo
628 1003 764 1102 habes
794 1071 809 1123 ‚
843 1039 873 1098 o
903 999 1124 1098 benevole
1156 1007 1359 1119 Lector,
1398 1005 1445 1097 in
1481 997 1570 1098 hoc
1610 1030 1740 1098 tanto
1772 1002 1857 1097 im·

349 1179 611 1278 mensoque
636 1178 801 1276 campo
832 1135 1057 1238 sufficiens
1090 1137 1324 1268 spatium,
1357 1141 1404 1236 in
1433 1142 1439 1154 '
1466 1172 1527 1236 uo
1549 1145 1622 1237 Tu
1647 1137 1852 1236 decurre·

246 1277 250 1286 ’
349 1319 429 1402 re,
466 1315 653 1413 operam
681 1313 727 1378 ct
757 1314 884 1380 curas
912 1309 1011 1375 tuas
1052 1273 1315 1393 collocare,
1354 1176 1557 1376 studium
1592 1263 1854 1414 linguirum

351 1417 658 1520 Orientalium
696 1451 938 1536 exercere,
963 1445 1008 1508 et
1042 1447 1136 1510 non
1170 1411 1322 1511 solum
1358 1417 1543 1514 curioso
1570 1443 1652 1515 tuo
1676 1429 1855 1514 resno·

344 1591 427 1656 vas
453 1554 712 1686 inquirendi
747 1557 903 1652 animo
943 1547 1232 1668 satisfacere,
1256 1547 1336 1648 scd
1369 1555 1505 1652 etiam
1543 1555 1639 1686 ipse
1676 1553 1851 1689 aliquid

349 1695 484 1826 aequi
524 1693 726 1826 bonique
762 1693 808 1789 in
841 1690 1077 1826 publicum
1109 1687 1409 1788 commodum
1441 1689 1647 1790 conferre
1678 1695 1850 1826 possis.

348 1832 539 1930 Aditum
579 1833 771 1966 aperui,
796 1827 1034 1967 ingredere
1073 1857 1118 1924 et
1155 1862 1379 1960 sequere.
1416 1838 1576 1965 Longa
1612 1861 1658 1928 ct
1693 1865 1853 1965 aspera
1895 1929 1899 1936 .

347 2001 416 2067 est
451 1972 552 2088 via,
587 1967 665 2067 sed
693 2004 865 2103 magno
898 1998 945 2064 et
971 1965 1106 2064 alacri
1136 1967 1292 2064 animo
1327 1965 1455 2066 facile
1487 1964 1728 2078 conficitur
1752 2037 1768 2092 ,
1788 1985 1852 2069 ‘er

343 2107 584 2243 improbus
618 2105 748 2204 labor
790 2109 946 2204 omnia
981 2106 1159 2204 vincit.
1202 2103 1346 2205 Vale.

340 2381 502 2479 Linguae
529 2379 741 2468 Zendicae,
769 2377 1067 2488 Samrcrdamicae
1105 2393 1142 2450 et
1169 2376 1431 2468 Germanicae,
1455 2379 1622 2470 Patavii,
1655 2363 1752 2482 typis
1786 2383 1849 2458 Se·

307 2614 310 2622 .
344 2507 519 2683 mma).
570 2585 663 2658 uide
690 2582 875 2682 pagan&
904 2581 964 2656 On
987 2575 1048 2652 tlte
1073 2594 1185 2652 traces
1217 2575 1262 2672 af
1296 2579 1355 2656 tle
1388 2581 1522 2658 Hinda
1556 2584 1749 2680 Langaage
1775 2585 1851 2659 and

341 2683 547 2758 litterature
569 2703 707 2760 exstant
728 2701 887 2782 amangrt
910 2681 969 2756 tlte
994 2678 1138 2776 Molayr
1154 2729 1166 2768 ,
1183 2685 1228 2762 in
1251 2707 1361 2783 opem
1387 2686 1585 2780 inscripto:
1599 2684 1853 2762 Dissertationr
1981 2715 1985 2730 ·

336 2788 417 2862 and
442 2785 714 2862 Miscellaneam
736 2785 887 2873 ¹Pieres,
915 2782 1086 2879 Relating
1108 2781 1155 2856 To
1184 2781 1244 2858 tire
1272 2787 1423 2884 History
1452 2785 1528 2862 aad
1549 2785 1777 2888 Antequitier
1810 2785 1858 2882 of

341 2890 458 2978 Asia,
489 2893 561 2960 vol·
580 2889 641 2960 lV·
668 2888 820 2986 London
852 2885 961 2982 1798.
1793 2929 1797 2934 ·

442 2989 507 3088 (n)
572 2991 660 3064 Vide
685 3013 790 3088 supra
818 2989 947 3062 citatas
973 3011 1055 3085 pag·
1098 2984 1138 3060 in
1172 2985 1439 3064 Dissertatione
1477 2989 1521 3062 de
1549 2991 1783 3090 Antiquitate
1813 3005 1850 3064 ct

337 3089 530 3190 Affinitate
552 3083 711 3187 Linguae
740 3090 926 3165 Zendicoe
949 3105 987 3162 ct
1020 3089 1350 3168 Samscrdamicae.
1378 3091 1599 3187 Impun’ores
1623 3111 1737 3183 sunt,
1765 3089 1850 3167 et'a
1883 3147 1885 3152 -
1954 3095 1959 3106 “

232 3259 239 3277 ,
339 3200 454 3268 veteri
478 3192 659 3291 gentilitia
684 3193 962 3268 Samscrdamica
991 3209 1104 3261 matre
1129 3191 1254 3288 lingua
1270 3196 1352 3286 plus
1380 3191 1592 3266 dissidentes
1609 3241 1624 3281 ‚
1641 3195 1728 3270 illae
1752 3195 1848 3268 lodi·

336 3315 401 3368 cac
427 3294 596 3384 dialecti,
626 3306 713 3391 quas
738 3315 925 3392 pervasere
964 3307 1001 3362 ct
1043 3311 1238 3386 corrupere
1264 3291 1389 3390 lingua
1419 3289 1560 3367 Persica
1589 3313 1627 3368 et
1651 3297 1818 3372 Arabica
1833 3341 1849 3384 .

338 3413 475 3472 armata
502 3397 740 3472 Barbarorum
770 3417 908 3482 manu,
930 3410 972 3477 cc,
992 3389 1260 3466 incursionibus
1286 3394 1498 3469 'satarorum
1526 3393 1565 3468 in
1593 3397 1732 3472 Indiam
1761 3401 1851 3472 atta
1890 3447 1893 3454 ·

337 3511 421 3572 tae·
447 3496 494 3572 Ee
512 3499 557 3572 G·
592 3497 682 3572 nilril
710 3495 913 3590 corruptius
941 3489 1213 3568 et·delormius
1251 3495 1425 3570 hodierna
1463 3499 1603 3594 vulgari
1640 3500 1764 3598 lingua
1790 3499 1848 3574 ln·

338 3597 485 3674 dartana
500 3627 512 3688 ;
538 3623 630 3697 quac
657 3621 722 3696 per
749 3595 886 3696 aliquas
917 3593 1089 3668 exstincti
1116 3595 1335 3692 Magalitani
1375 3598 1521 3698 Imperii
1550 3600 1755 3695 provincias
1788 3627 1848 3676 va·

338 3717 475 3800 gatus,
502 3699 659 3774 caenim
692 3700 895 3795 composita
938 3714 992 3769 est
1032 3717 1078 3769 ex
1107 3699 1220 3770 veteri
1247 3699 1431 3800 gentilitia
1463 3700 1585 3774 lndica
1626 3703 1775 3802 lingua,
1802 3727 1849 3778 ex

256 3839 258 3844 ·
333 3797 480 3898 [Persica
500 3821 537 3876 ct
556 3801 720 3876 Arabica
732 3850 745 3889 ,
764 3825 855 3900 quae
882 3801 971 3872 duae
990 3797 1143 3872 ultimae
1168 3800 1266 3873 illius
1297 3800 1428 3875 veteris
1445 3801 1581 3900 patriae
1603 3805 1754 3902 'linguae
1771 3807 1846 3878 uim

338 3921 377 3978 ct
405 3907 522 3980 lucem
552 3903 643 3980 adeo
665 3903 891 3992 exstinxere,
919 3919 958 3974 ut
985 3923 1061 3973 eam
1090 3901 1128 3974 in
1156 3901 1222 3974 hac
1242 3925 1409 3999 perversa
1432 3904 1608 3977 mixtione
1629 3906 1691 3979 vix
1718 3907 1846 4005 digno·

336 4027 462 4096 scete,
490 4023 598 4103 atque
626 4007 799 4080 vocabula
827 4004 986 4103 ejusdem
1010 4003 1054 4076 ab
1071 4003 1232 4077 Arabicis
1260 4019 1296 4078 et
1313 4003 1468 4078 Persicis
1487 4025 1672 4080 secernere
1690 4007 1748 4079 vix
1760 4001 1845 4106 pos·
1889 4083 1891 4088 ,

329 4107 412 4182 sis·
436 4109 545 4182 ludos
569 4107 816 4206 Mogolitanos
845 4129 987 4204 semper
1023 4099 1159 4179 Persice
1187 4109 1331 4180 locutos
1356 4103 1458 4180 fuisse
1486 4106 1638 4196 credas,
1666 4109 1735 4182 nisi
1767 4109 1844 4184 ani-

340 4211 567 4298 madvertas,
594 4211 685 4282 hauc
711 4207 883 4283 Persicam
912 4205 1176 4281 admixtionem
1197 4207 1365 4296 tardius,
1393 4225 1429 4280 et
1460 4231 1522 4306 per
1555 4205 1764 4284 Tatarorum
1787 4205 1846 4284 ine

337 4311 503 4386 essiones
533 4310 736 4411 gentilitiae
757 4311 899 4386 Indicae
927 4309 1071 4410 linguae
1098 4309 1284 4388 accessisse
1302 4369 1310 4389 .
1331 4309 1421 4384 Vide
1443 4311 1710 4410 grammaticam
1737 4311 1843 4384 lndo-

339 4428 522 4486 rtanannm
549 4417 731 4512 vulgarem
756 4437 851 4488 anno
890 4411 997 4506 1778·
1024 4411 1160 4484 Romae
1187 4411 1285 4511 typis
1313 4415 1348 4484 S·
1376 4415 1519 4512 Congr·
1546 4411 1590 4486 dc
1619 4413 1728 4512 Prop.
1757 4413 1840 4490 Fide

339 4515 506 4602 editam,
531 4515 635 4611 cujus
662 4532 792 4588 auctor
817 4515 856 4597 in,
880 4511 1119 4610 explicatione
1154 4514 1271 4587 utitur
1290 4513 1419 4616 lingua
1449 4513 1647 4589 Lusitana·
1674 4515 1841 4589 Puriores

339 4615 460 4704 Indiae
484 4615 628 4690 dialecti
654 4633 738 4688 sunt
755 4640 765 4688 t
781 4613 1031 4703 Mardrlttica,
1061 4611 1227 4713 Tclngica
1245 4663 1260 4703 ,
1292 4612 1502 4705 Tamalica,
1521 4613 1777 4704 Melabarica,
1794 4616 1837 4690 ab

341 4713 396 4792 lris
425 4715 522 4794 euim
537 4713 730 4795 Persicaet
747 4719 911 4797 Arabica
936 4720 1110 4795 vocabula
1136 4735 1173 4793 et
1203 4719 1458 4828 corruptiones
1483 4720 1660 4795 exulant·
