<?xml version="1.0" encoding="UTF-8"?>
<!DOCTYPE html PUBLIC "-//W3C//DTD XHTML 1.0 Transitional//EN"
    "http://www.w3.org/TR/xhtml1/DTD/xhtml1-transitional.dtd">
<html xmlns="http://www.w3.org/1999/xhtml" xml:lang="en" lang="en">
 <head>
  <title>
</title>
<meta http-equiv="Content-Type" content="text/html;charset=utf-8" />
  <meta name='ocr-system' content='tesseract 3.04.00' />
  <meta name='ocr-capabilities' content='ocr_page ocr_carea ocr_par ocr_line ocrx_word'/>
</head>
<body>
  <div class='ocr_page' id='page_1' title='image "./vycaranaseulocu00bartgoog_0150.png"; bbox 0 0 4552 6266; ppageno 0'>
   <div class='ocr_carea' id='block_1_1' title="bbox 254 509 1796 1340">
    <p class='ocr_par' dir='ltr' id='par_1_1' title="bbox 254 509 1796 1340">
     <span class='ocr_line' id='line_1_1' title="bbox 1707 510 1767 570; baseline 0 0"><span class='ocrx_word' id='word_1_1' title='bbox 1707 510 1767 570; x_wconf 64' lang='grc' dir='ltr'>ιι</span> 
     </span>
     <span class='ocr_line' id='line_1_2' title="bbox 431 509 1796 719; baseline -0.001 -25"><span class='ocrx_word' id='word_1_2' title='bbox 431 637 456 694; x_wconf 78' lang='lat'><em>2</em></span> <span class='ocrx_word' id='word_1_3' title='bbox 522 599 793 717; x_wconf 65' lang='lat' dir='ltr'>Pitsciayrtr&#39;,</span> <span class='ocrx_word' id='word_1_4' title='bbox 823 599 941 711; x_wconf 87' lang='lat' dir='ltr'>jubet</span> <span class='ocrx_word' id='word_1_5' title='bbox 967 621 1168 716; x_wconf 84' lang='lat' dir='ltr'>coquere,</span> <span class='ocrx_word' id='word_1_6' title='bbox 1200 591 1295 682; x_wconf 79' lang='lat' dir='ltr'>fecit</span> <span class='ocrx_word' id='word_1_7' title='bbox 1330 617 1377 684; x_wconf 93' lang='lat' dir='ltr'>ut</span> <span class='ocrx_word' id='word_1_8' title='bbox 1398 620 1581 719; x_wconf 88' lang='lat' dir='ltr'>coquat.</span> <span class='ocrx_word' id='word_1_9' title='bbox 1774 509 1796 611; x_wconf 69' lang='lat'>&#39;3</span> 
     </span>
     <span class='ocr_line' id='line_1_3' title="bbox 254 720 1546 843; baseline -0.005 -28"><span class='ocrx_word' id='word_1_10' title='bbox 254 743 256 750; x_wconf 85' lang='lat'>&#39;</span> <span class='ocrx_word' id='word_1_11' title='bbox 360 805 362 808; x_wconf 95' lang='lat'>.</span> <span class='ocrx_word' id='word_1_12' title='bbox 429 727 750 843; x_wconf 71' lang='lat' dir='ltr'>3&#39;Devayati,</span> <span class='ocrx_word' id='word_1_13' title='bbox 780 729 896 836; x_wconf 88' lang='lat' dir='ltr'>jubet</span> <span class='ocrx_word' id='word_1_14' title='bbox 920 727 1084 824; x_wconf 87' lang='lat' dir='ltr'>ludere,</span> <span class='ocrx_word' id='word_1_15' title='bbox 1115 720 1209 809; x_wconf 81' lang='lat' dir='ltr'>facit</span> <span class='ocrx_word' id='word_1_16' title='bbox 1236 747 1283 808; x_wconf 93' lang='lat' dir='ltr'>ut</span> <span class='ocrx_word' id='word_1_17' title='bbox 1305 723 1449 810; x_wconf 89' lang='lat' dir='ltr'>ludat.</span> <span class='ocrx_word' id='word_1_18' title='bbox 1544 793 1546 798; x_wconf 66' lang='lat'>,</span> 
     </span>
     <span class='ocr_line' id='line_1_4' title="bbox 426 842 1541 968; baseline -0.008 -26"><span class='ocrx_word' id='word_1_19' title='bbox 426 887 458 966; x_wconf 82' lang='lat'>4</span> <span class='ocrx_word' id='word_1_20' title='bbox 523 852 781 968; x_wconf 81' lang='lat' dir='ltr'>Nandayati,</span> <span class='ocrx_word' id='word_1_21' title='bbox 809 854 930 964; x_wconf 87' lang='lat' dir='ltr'>jubet</span> <span class='ocrx_word' id='word_1_22' title='bbox 947 851 1127 936; x_wconf 84' lang='lat' dir='ltr'>exultare</span> <span class='ocrx_word' id='word_1_23' title='bbox 1142 842 1266 948; x_wconf 86' lang='lat' dir='ltr'>,facit</span> <span class='ocrx_word' id='word_1_24' title='bbox 1286 871 1333 934; x_wconf 89' lang='lat' dir='ltr'>ut</span> <span class='ocrx_word' id='word_1_25' title='bbox 1358 851 1541 938; x_wconf 79' lang='lat' dir='ltr'>exultet.</span> 
     </span>
     <span class='ocr_line' id='line_1_5' title="bbox 424 975 1450 1070; baseline -0.007 -6"><span class='ocrx_word' id='word_1_26' title='bbox 424 984 637 1070; x_wconf 78' lang='lat' dir='ltr'><strong>Praesens.</strong></span> <span class='ocrx_word' id='word_1_27' title='bbox 1088 975 1350 1060; x_wconf 82' lang='lat' dir='ltr'>Praeteritum</span> <span class='ocrx_word' id='word_1_28' title='bbox 1380 977 1450 1060; x_wconf 87' lang='lat'>111.</span> 
     </span>
     <span class='ocr_line' id='line_1_6' title="bbox 831 1097 1538 1218; baseline -0.001 -33"><span class='ocrx_word' id='word_1_29' title='bbox 831 1209 835 1218; x_wconf 28' lang='grc' dir='ltr'>Ι</span> <span class='ocrx_word' id='word_1_30' title='bbox 866 1127 886 1185; x_wconf 90' lang='lat'>1</span> <span class='ocrx_word' id='word_1_31' title='bbox 925 1097 1175 1198; x_wconf 81' lang='lat' dir='ltr'>Abibhaual,</span> <span class='ocrx_word' id='word_1_32' title='bbox 1205 1097 1391 1200; x_wconf 84' lang='lat' dir='ltr'>fecit,ut</span> <span class='ocrx_word' id='word_1_33' title='bbox 1411 1121 1538 1186; x_wconf 83' lang='lat' dir='ltr'>esset.</span> 
     </span>
     <span class='ocr_line' id='line_1_7' title="bbox 778 1223 1541 1340; baseline 0.001 -30"><span class='ocrx_word' id='word_1_34' title='bbox 778 1257 784 1272; x_wconf 93' lang='lat'>·</span> <span class='ocrx_word' id='word_1_35' title='bbox 864 1255 886 1310; x_wconf 78' lang='lat'><em>2</em></span> <span class='ocrx_word' id='word_1_36' title='bbox 921 1223 1203 1339; x_wconf 83' lang='lat' dir='ltr'>Apipatschal,</span> <span class='ocrx_word' id='word_1_37' title='bbox 1237 1245 1282 1309; x_wconf 89' lang='lat' dir='ltr'>ut</span> <span class='ocrx_word' id='word_1_38' title='bbox 1314 1245 1541 1340; x_wconf 79' lang='lat' dir='ltr'>coqueret.</span> 
     </span>
    </p>
   </div>
   <div class='ocr_carea' id='block_1_2' title="bbox 286 1348 1795 5175">
    <p class='ocr_par' dir='ltr' id='par_1_2' title="bbox 376 1348 1507 1720">
     <span class='ocr_line' id='line_1_8' title="bbox 861 1348 1448 1461; baseline -0.009 -22"><span class='ocrx_word' id='word_1_39' title='bbox 861 1379 894 1461; x_wconf 87' lang='lat'>3·</span> <span class='ocrx_word' id='word_1_40' title='bbox 921 1348 1151 1452; x_wconf 79' lang='lat' dir='ltr'>Adidaval,</span> <span class='ocrx_word' id='word_1_41' title='bbox 1186 1369 1231 1436; x_wconf 91' lang='lat' dir='ltr'>ut</span> <span class='ocrx_word' id='word_1_42' title='bbox 1259 1349 1448 1436; x_wconf 79' lang='lat' dir='ltr'>luderet.</span> 
     </span>
     <span class='ocr_line' id='line_1_9' title="bbox 856 1475 1507 1585; baseline -0.003 -23"><span class='ocrx_word' id='word_1_43' title='bbox 856 1508 889 1585; x_wconf 82' lang='lat'><strong>4</strong></span> <span class='ocrx_word' id='word_1_44' title='bbox 918 1475 1187 1576; x_wconf 80' lang='lat' dir='ltr'>Ananantial,</span> <span class='ocrx_word' id='word_1_45' title='bbox 1220 1495 1269 1560; x_wconf 93' lang='lat' dir='ltr'>ut</span> <span class='ocrx_word' id='word_1_46' title='bbox 1286 1475 1507 1559; x_wconf 82' lang='lat' dir='ltr'>exultaret.</span> 
     </span>
     <span class='ocr_line' id='line_1_10' title="bbox 376 1595 1497 1720; baseline -0.004 -36"><span class='ocrx_word' id='word_1_47' title='bbox 376 1675 381 1684; x_wconf 92' lang='lat'>.</span> <span class='ocrx_word' id='word_1_48' title='bbox 421 1601 685 1716; x_wconf 75' lang='lat' dir='ltr'>Sinihayati.</span> <span class='ocrx_word' id='word_1_49' title='bbox 917 1595 1222 1698; x_wconf 76' lang='lat' dir='ltr'>SarnioinahaI,</span> <span class='ocrx_word' id='word_1_50' title='bbox 1252 1622 1302 1683; x_wconf 87' lang='lat' dir='ltr'>ut</span> <span class='ocrx_word' id='word_1_51' title='bbox 1325 1600 1497 1720; x_wconf 85' lang='lat' dir='ltr'>ligaret.</span> 
     </span>
    </p>

    <p class='ocr_par' dir='ltr' id='par_1_3' title="bbox 407 1721 1783 3074">
     <span class='ocr_line' id='line_1_11' title="bbox 419 1721 1453 1843; baseline -0.005 -32"><span class='ocrx_word' id='word_1_52' title='bbox 419 1727 616 1843; x_wconf 74' lang='lat' dir='ltr'>Todayati</span> <span class='ocrx_word' id='word_1_53' title='bbox 638 1783 649 1805; x_wconf 91' lang='lat'>.</span> <span class='ocrx_word' id='word_1_54' title='bbox 915 1723 1136 1823; x_wconf 83' lang='lat' dir='ltr'>Atirtudal,</span> <span class='ocrx_word' id='word_1_55' title='bbox 1168 1745 1216 1808; x_wconf 91' lang='lat' dir='ltr'>ut</span> <span class='ocrx_word' id='word_1_56' title='bbox 1237 1721 1414 1836; x_wconf 79' lang='lat' dir='ltr'>affigeret</span> <span class='ocrx_word' id='word_1_57' title='bbox 1432 1742 1453 1804; x_wconf 82' lang='lat'>.&#39;</span> 
     </span>
     <span class='ocr_line' id='line_1_12' title="bbox 418 1847 1566 1963; baseline -0.005 -27"><span class='ocrx_word' id='word_1_58' title='bbox 418 1849 713 1963; x_wconf 74' lang='lat' dir='ltr'>Mbtschayati.</span> <span class='ocrx_word' id='word_1_59' title='bbox 914 1847 1244 1948; x_wconf 81' lang='lat' dir='ltr'>Amiuruutschal,</span> <span class='ocrx_word' id='word_1_60' title='bbox 1262 1869 1312 1930; x_wconf 90' lang='lat' dir='ltr'>ut</span> <span class='ocrx_word' id='word_1_61' title='bbox 1337 1867 1566 1961; x_wconf 85' lang='lat' dir='ltr'>separaret.</span> 
     </span>
     <span class='ocr_line' id='line_1_13' title="bbox 415 1973 1394 2088; baseline -0.007 -27"><span class='ocrx_word' id='word_1_62' title='bbox 415 1973 638 2088; x_wconf 78' lang='lat' dir='ltr'>Aadayati.</span> <span class='ocrx_word' id='word_1_63' title='bbox 914 1973 1114 2072; x_wconf 83' lang='lat' dir='ltr'>Aodidal,</span> <span class='ocrx_word' id='word_1_64' title='bbox 1146 1995 1194 2056; x_wconf 92' lang='lat' dir='ltr'>ut</span> <span class='ocrx_word' id='word_1_65' title='bbox 1216 1975 1394 2058; x_wconf 78' lang='lat' dir='ltr'>ederet.</span> 
     </span>
     <span class='ocr_line' id='line_1_14' title="bbox 413 2095 1515 2214; baseline -0.002 -32"><span class='ocrx_word' id='word_1_66' title='bbox 413 2095 665 2214; x_wconf 76' lang='lat' dir='ltr'>Rodhayao.</span> <span class='ocrx_word' id='word_1_67' title='bbox 912 2095 1174 2193; x_wconf 79' lang='lat' dir='ltr'>AritrudhaI,</span> <span class='ocrx_word' id='word_1_68' title='bbox 1205 2119 1255 2181; x_wconf 88' lang='lat' dir='ltr'>ut</span> <span class='ocrx_word' id='word_1_69' title='bbox 1282 2096 1515 2181; x_wconf 89' lang='lat' dir='ltr'>inuaderet.</span> 
     </span>
     <span class='ocr_line' id='line_1_15' title="bbox 415 2219 1492 2337; baseline -0.005 -31"><span class='ocrx_word' id='word_1_70' title='bbox 415 2220 683 2337; x_wconf 71' lang='lat' dir='ltr'>Bhorijayari,</span> <span class='ocrx_word' id='word_1_71' title='bbox 913 2219 1204 2325; x_wconf 82' lang='lat' dir='ltr'>Abiubhudjal,</span> <span class='ocrx_word' id='word_1_72' title='bbox 1235 2243 1280 2305; x_wconf 92' lang='lat' dir='ltr'>ut</span> <span class='ocrx_word' id='word_1_73' title='bbox 1303 2241 1492 2304; x_wconf 85' lang='lat' dir='ltr'>voraret.</span> 
     </span>
     <span class='ocr_line' id='line_1_16' title="bbox 413 2343 1493 2461; baseline -0.005 -33"><span class='ocrx_word' id='word_1_74' title='bbox 413 2343 664 2461; x_wconf 78' lang='lat' dir='ltr'>Yodjayati,</span> <span class='ocrx_word' id='word_1_75' title='bbox 913 2344 1172 2460; x_wconf 81' lang='lat' dir='ltr'>Ay&#39;iryudjal,</span> <span class='ocrx_word' id='word_1_76' title='bbox 1202 2366 1251 2426; x_wconf 87' lang='lat' dir='ltr'>ut</span> <span class='ocrx_word' id='word_1_77' title='bbox 1273 2347 1493 2456; x_wconf 82' lang='lat' dir='ltr'>jungeret.</span> 
     </span>
     <span class='ocr_line' id='line_1_17' title="bbox 412 2463 1783 2584; baseline 0.003 -32"><span class='ocrx_word' id='word_1_78' title='bbox 412 2463 744 2584; x_wconf 72' lang='lat' dir='ltr'>Abhiszivayati,</span> <span class='ocrx_word' id='word_1_79' title='bbox 812 2465 814 2472; x_wconf 69' lang='lat'>&#39;</span> <span class='ocrx_word' id='word_1_80' title='bbox 912 2465 1235 2564; x_wconf 81' lang='lat' dir='ltr'>Abhiszirszaval,</span> <span class='ocrx_word' id='word_1_81' title='bbox 1251 2489 1300 2550; x_wconf 88' lang='lat' dir='ltr'>ut</span> <span class='ocrx_word' id='word_1_82' title='bbox 1313 2488 1460 2550; x_wconf 88' lang='lat' dir='ltr'>certam</span> <span class='ocrx_word' id='word_1_83' title='bbox 1475 2463 1783 2558; x_wconf 61' lang='lat' dir='ltr'>terimiacciet.</span> 
     </span>
     <span class='ocr_line' id='line_1_18' title="bbox 414 2581 1659 2708; baseline 0.003 -36"><span class='ocrx_word' id='word_1_84' title='bbox 414 2590 745 2708; x_wconf 75' lang='lat' dir='ltr'>Nitschitpayati,</span> <span class='ocrx_word' id='word_1_85' title='bbox 913 2581 1315 2702; x_wconf 83' lang='lat' dir='ltr'>Niratschitsc&#39;hapal,</span> <span class='ocrx_word' id='word_1_86' title='bbox 1332 2612 1379 2673; x_wconf 89' lang='lat' dir='ltr'>ut</span> <span class='ocrx_word' id='word_1_87' title='bbox 1402 2593 1659 2676; x_wconf 83' lang='lat' dir='ltr'>accumulet.</span> 
     </span>
     <span class='ocr_line' id='line_1_19' title="bbox 415 2708 1780 2829; baseline 0.007 -32"><span class='ocrx_word' id='word_1_88' title='bbox 415 2711 636 2829; x_wconf 79' lang='lat' dir='ltr'>Tioayati,</span> <span class='ocrx_word' id='word_1_89' title='bbox 820 2799 825 2810; x_wconf 82' lang='grc'><strong>,</strong></span> <span class='ocrx_word' id='word_1_90' title='bbox 910 2710 1117 2808; x_wconf 84' lang='lat' dir='ltr'>Atitanal,</span> <span class='ocrx_word' id='word_1_91' title='bbox 1147 2708 1243 2795; x_wconf 72' lang='lat' dir='ltr'>iecit</span> <span class='ocrx_word' id='word_1_92' title='bbox 1265 2737 1308 2798; x_wconf 93' lang='lat' dir='ltr'>ut</span> <span class='ocrx_word' id='word_1_93' title='bbox 1327 2717 1586 2816; x_wconf 84' lang='lat' dir='ltr'>extenderet,</span> <span class='ocrx_word' id='word_1_94' title='bbox 1614 2711 1780 2806; x_wconf 88' lang='lat' dir='ltr'>faceret.</span> 
     </span>
     <span class='ocr_line' id='line_1_20' title="bbox 407 2831 1777 2950; baseline 0.007 -32"><span class='ocrx_word' id='word_1_95' title='bbox 407 2835 621 2950; x_wconf 77' lang='lat' dir='ltr'>Kirayati,</span> <span class='ocrx_word' id='word_1_96' title='bbox 911 2831 1178 2944; x_wconf 73' lang='lat' dir='ltr'>Aeschicaral,</span> <span class='ocrx_word' id='word_1_97' title='bbox 1196 2833 1302 2936; x_wconf 90' lang='lat' dir='ltr'>fecit,</span> <span class='ocrx_word' id='word_1_98' title='bbox 1324 2861 1369 2922; x_wconf 90' lang='lat' dir='ltr'>ut</span> <span class='ocrx_word' id='word_1_99' title='bbox 1383 2831 1544 2935; x_wconf 81' lang='lat' dir='ltr'>faceret,</span> <span class='ocrx_word' id='word_1_100' title='bbox 1559 2836 1655 2926; x_wconf 83' lang='lat' dir='ltr'>&#39;fecit</span> <span class='ocrx_word' id='word_1_101' title='bbox 1672 2842 1777 2929; x_wconf 90' lang='lat' dir='ltr'>fieri.</span> 
     </span>
     <span class='ocr_line' id='line_1_21' title="bbox 410 2955 1689 3074; baseline 0.009 -36"><span class='ocrx_word' id='word_1_102' title='bbox 410 2959 690 3074; x_wconf 78' lang='lat' dir='ltr'>Vitschayati,</span> <span class='ocrx_word' id='word_1_103' title='bbox 909 2955 1187 3057; x_wconf 82' lang='lat' dir='ltr'>Avivatschal,</span> <span class='ocrx_word' id='word_1_104' title='bbox 1209 2983 1255 3045; x_wconf 92' lang='lat' dir='ltr'>ut</span> <span class='ocrx_word' id='word_1_105' title='bbox 1275 2963 1448 3060; x_wconf 89' lang='lat' dir='ltr'>diceret,</span> <span class='ocrx_word' id='word_1_106' title='bbox 1468 2959 1561 3049; x_wconf 86' lang='lat' dir='ltr'>fecit</span> <span class='ocrx_word' id='word_1_107' title='bbox 1577 2965 1689 3050; x_wconf 90' lang='lat' dir='ltr'>dici.</span> 
     </span>
    </p>

    <p class='ocr_par' dir='ltr' id='par_1_4' title="bbox 352 3080 1721 3691">
     <span class='ocr_line' id='line_1_22' title="bbox 352 3080 1721 3197; baseline 0.004 -32"><span class='ocrx_word' id='word_1_108' title='bbox 352 3169 355 3174; x_wconf 76' lang='grc'>,</span> <span class='ocrx_word' id='word_1_109' title='bbox 411 3085 647 3197; x_wconf 83' lang='lat' dir='ltr'>Krapayati,</span> <span class='ocrx_word' id='word_1_110' title='bbox 714 3121 720 3132; x_wconf 92' lang='lat'>·</span> <span class='ocrx_word' id='word_1_111' title='bbox 908 3080 1210 3194; x_wconf 78' lang='lat' dir='ltr'>Atschikritpal,</span> <span class='ocrx_word' id='word_1_112' title='bbox 1230 3105 1277 3170; x_wconf 92' lang='lat' dir='ltr'>ut</span> <span class='ocrx_word' id='word_1_113' title='bbox 1300 3108 1450 3169; x_wconf 86' lang='lat' dir='ltr'>emeret</span> <span class='ocrx_word' id='word_1_114' title='bbox 1467 3139 1481 3180; x_wconf 92' lang='lat'>,</span> <span class='ocrx_word' id='word_1_115' title='bbox 1498 3081 1596 3168; x_wconf 80' lang='lat' dir='ltr'>fecit</span> <span class='ocrx_word' id='word_1_116' title='bbox 1611 3091 1721 3171; x_wconf 87' lang='lat' dir='ltr'>emi.</span> 
     </span>
     <span class='ocr_line' id='line_1_23' title="bbox 413 3207 1718 3328; baseline 0 -36"><span class='ocrx_word' id='word_1_117' title='bbox 413 3207 737 3328; x_wconf 77' lang='lat' dir='ltr'>Anugrirhayati,</span> <span class='ocrx_word' id='word_1_118' title='bbox 906 3207 1243 3320; x_wconf 77' lang='lat' dir='ltr'>onagigrahrss,</span> <span class='ocrx_word' id='word_1_119' title='bbox 1264 3231 1307 3291; x_wconf 93' lang='lat' dir='ltr'>ut</span> <span class='ocrx_word' id='word_1_120' title='bbox 1323 3212 1544 3327; x_wconf 85' lang='lat' dir='ltr'>acciperet,</span> <span class='ocrx_word' id='word_1_121' title='bbox 1564 3211 1718 3324; x_wconf 84' lang='lat' dir='ltr'>accipi.</span> 
     </span>
     <span class='ocr_line' id='line_1_24' title="bbox 413 3327 1701 3446; baseline 0.005 -34"><span class='ocrx_word' id='word_1_122' title='bbox 413 3327 630 3446; x_wconf 74' lang='lat' dir='ltr'>Virayati,</span> <span class='ocrx_word' id='word_1_123' title='bbox 906 3327 1119 3428; x_wconf 86' lang='lat' dir='ltr'>Avivaral,</span> <span class='ocrx_word' id='word_1_124' title='bbox 1149 3328 1247 3414; x_wconf 82' lang='lat' dir='ltr'>&#39;fecit</span> <span class='ocrx_word' id='word_1_125' title='bbox 1264 3332 1383 3444; x_wconf 86' lang='lat' dir='ltr'>eligi,</span> <span class='ocrx_word' id='word_1_126' title='bbox 1404 3353 1450 3413; x_wconf 90' lang='lat' dir='ltr'>ut</span> <span class='ocrx_word' id='word_1_127' title='bbox 1467 3331 1657 3444; x_wconf 85' lang='lat' dir='ltr'>eligeret.</span> <span class='ocrx_word' id='word_1_128' title='bbox 1697 3383 1701 3392; x_wconf 89' lang='lat'>.</span> 
     </span>
     <span class='ocr_line' id='line_1_25' title="bbox 413 3449 1587 3568; baseline -0.002 -28"><span class='ocrx_word' id='word_1_129' title='bbox 413 3451 665 3568; x_wconf 79' lang='lat' dir='ltr'>Dhripayati,</span> <span class='ocrx_word' id='word_1_130' title='bbox 789 3547 791 3550; x_wconf 54' lang='grc'><strong>,</strong></span> <span class='ocrx_word' id='word_1_131' title='bbox 910 3449 1138 3564; x_wconf 85' lang='lat' dir='ltr'>Adidhapal</span> <span class='ocrx_word' id='word_1_132' title='bbox 1153 3511 1167 3548; x_wconf 95' lang='lat'>,</span> <span class='ocrx_word' id='word_1_133' title='bbox 1184 3451 1277 3536; x_wconf 86' lang='lat' dir='ltr'>fecit</span> <span class='ocrx_word' id='word_1_134' title='bbox 1295 3477 1339 3537; x_wconf 92' lang='lat' dir='ltr'>ut</span> <span class='ocrx_word' id='word_1_135' title='bbox 1353 3455 1556 3566; x_wconf 76' lang='lat' dir='ltr'>exciperet</span> <span class='ocrx_word' id='word_1_136' title='bbox 1575 3513 1587 3538; x_wconf 94' lang='lat'>.</span> 
     </span>
     <span class='ocr_line' id='line_1_26' title="bbox 414 3573 1483 3691; baseline -0.004 -29"><span class='ocrx_word' id='word_1_137' title='bbox 414 3575 645 3691; x_wconf 80' lang='lat' dir='ltr'>Dipayat&#39;i,</span> <span class='ocrx_word' id='word_1_138' title='bbox 913 3575 1136 3688; x_wconf 81' lang='lat' dir='ltr'>AdidapaI,</span> <span class='ocrx_word' id='word_1_139' title='bbox 1167 3573 1263 3660; x_wconf 80' lang='lat' dir='ltr'>fecit</span> <span class='ocrx_word' id='word_1_140' title='bbox 1282 3601 1326 3658; x_wconf 94' lang='lat' dir='ltr'>ut</span> <span class='ocrx_word' id='word_1_141' title='bbox 1340 3579 1452 3662; x_wconf 86' lang='lat' dir='ltr'>daret</span> <span class='ocrx_word' id='word_1_142' title='bbox 1471 3634 1483 3658; x_wconf 91' lang='lat'>.</span> 
     </span>
    </p>

    <p class='ocr_par' dir='ltr' id='par_1_5' title="bbox 382 3698 1637 4184">
     <span class='ocr_line' id='line_1_27' title="bbox 417 3698 1637 3816; baseline -0.002 -32"><span class='ocrx_word' id='word_1_143' title='bbox 417 3699 640 3815; x_wconf 74' lang='lat' dir='ltr'>Hiyayati,</span> <span class='ocrx_word' id='word_1_144' title='bbox 733 3738 737 3747; x_wconf 91' lang='lat'>·</span> <span class='ocrx_word' id='word_1_145' title='bbox 879 3699 1160 3804; x_wconf 61' lang='lat' dir='ltr'>&#39;Adjuhavah</span> <span class='ocrx_word' id='word_1_146' title='bbox 1192 3698 1286 3784; x_wconf 88' lang='lat' dir='ltr'>fecit</span> <span class='ocrx_word' id='word_1_147' title='bbox 1303 3725 1351 3784; x_wconf 90' lang='lat' dir='ltr'>ut</span> <span class='ocrx_word' id='word_1_148' title='bbox 1365 3703 1637 3816; x_wconf 85' lang='lat' dir='ltr'>detaccipiat.</span> 
     </span>
     <span class='ocr_line' id='line_1_28' title="bbox 413 3820 1518 3938; baseline 0.001 -29"><span class='ocrx_word' id='word_1_149' title='bbox 413 3825 637 3938; x_wconf 82' lang='lat' dir='ltr'>Edhayati,</span> <span class='ocrx_word' id='word_1_150' title='bbox 832 3823 837 3833; x_wconf 87' lang='grc'><strong>’</strong></span> <span class='ocrx_word' id='word_1_151' title='bbox 908 3823 1130 3919; x_wconf 84' lang='lat' dir='ltr'>Aididhal,</span> <span class='ocrx_word' id='word_1_152' title='bbox 1161 3820 1518 3936; x_wconf 83' lang='lat' dir='ltr'>secituraugeret.</span> 
     </span>
     <span class='ocr_line' id='line_1_29' title="bbox 413 3938 1531 4064; baseline -0.004 -30"><span class='ocrx_word' id='word_1_153' title='bbox 413 3949 697 4064; x_wconf 78' lang='lat' dir='ltr'>Dhuamrayti,</span> <span class='ocrx_word' id='word_1_154' title='bbox 909 3938 1182 4031; x_wconf 73' lang='lat' dir='ltr'>Pirdhvamsat</span> <span class='ocrx_word' id='word_1_155' title='bbox 1202 4003 1215 4042; x_wconf 95' lang='lat'>,</span> <span class='ocrx_word' id='word_1_156' title='bbox 1247 3943 1342 4030; x_wconf 86' lang='lat' dir='ltr'>fecit</span> <span class='ocrx_word' id='word_1_157' title='bbox 1361 3969 1404 4031; x_wconf 89' lang='lat' dir='ltr'>ut</span> <span class='ocrx_word' id='word_1_158' title='bbox 1422 3949 1498 4030; x_wconf 87' lang='lat' dir='ltr'>iret</span> <span class='ocrx_word' id='word_1_159' title='bbox 1519 4003 1531 4029; x_wconf 92' lang='lat'>.</span> 
     </span>
     <span class='ocr_line' id='line_1_30' title="bbox 382 4067 1530 4184; baseline -0.003 -28"><span class='ocrx_word' id='word_1_160' title='bbox 382 4085 388 4098; x_wconf 93' lang='lat'>&#39;</span> <span class='ocrx_word' id='word_1_161' title='bbox 415 4070 621 4184; x_wconf 77' lang='lat' dir='ltr'>Sivayati,</span> <span class='ocrx_word' id='word_1_162' title='bbox 912 4068 1148 4182; x_wconf 76' lang='lat' dir='ltr'>Asirszaual,</span> <span class='ocrx_word' id='word_1_163' title='bbox 1178 4067 1273 4152; x_wconf 81' lang='lat' dir='ltr'>fecit</span> <span class='ocrx_word' id='word_1_164' title='bbox 1291 4093 1334 4153; x_wconf 92' lang='lat' dir='ltr'>ut</span> <span class='ocrx_word' id='word_1_165' title='bbox 1349 4089 1530 4180; x_wconf 87' lang='lat' dir='ltr'>pareret.</span> 
     </span>
    </p>

    <p class='ocr_par' dir='ltr' id='par_1_6' title="bbox 286 4187 1795 4926">
     <span class='ocr_line' id='line_1_31' title="bbox 286 4187 1795 4308; baseline -0.001 -32"><span class='ocrx_word' id='word_1_166' title='bbox 286 4285 288 4290; x_wconf 12' lang='lat' dir='ltr'>y</span> <span class='ocrx_word' id='word_1_167' title='bbox 413 4195 584 4308; x_wconf 75' lang='lat' dir='ltr'>Hiyati,</span> <span class='ocrx_word' id='word_1_168' title='bbox 911 4187 1144 4298; x_wconf 77' lang='lat' dir='ltr'>Adiihaual,</span> <span class='ocrx_word' id='word_1_169' title='bbox 1177 4189 1329 4280; x_wconf 86' lang='lat' dir='ltr'>secitur</span> <span class='ocrx_word' id='word_1_170' title='bbox 1345 4195 1441 4290; x_wconf 86' lang='lat' dir='ltr'>iret,</span> <span class='ocrx_word' id='word_1_171' title='bbox 1465 4212 1668 4306; x_wconf 87' lang='lat' dir='ltr'>pergeret.</span> <span class='ocrx_word' id='word_1_172' title='bbox 1793 4233 1795 4238; x_wconf 96' lang='lat'>·</span> 
     </span>
     <span class='ocr_line' id='line_1_32' title="bbox 414 4310 1727 4432; baseline -0.003 -30"><span class='ocrx_word' id='word_1_173' title='bbox 414 4316 713 4432; x_wconf 74' lang='lat' dir='ltr'>Atishiyayati,</span> <span class='ocrx_word' id='word_1_174' title='bbox 914 4310 1237 4431; x_wconf 77' lang='lat' dir='ltr'>Atyashishayal,</span> <span class='ocrx_word' id='word_1_175' title='bbox 1271 4313 1365 4399; x_wconf 83' lang='lat' dir='ltr'>fecit</span> <span class='ocrx_word' id='word_1_176' title='bbox 1379 4341 1423 4402; x_wconf 92' lang='lat' dir='ltr'>ut</span> <span class='ocrx_word' id='word_1_177' title='bbox 1437 4315 1670 4403; x_wconf 87' lang='lat' dir='ltr'>incubaret.</span> <span class='ocrx_word' id='word_1_178' title='bbox 1724 4411 1727 4416; x_wconf 22' lang='lat'><strong>¹</strong></span> 
     </span>
     <span class='ocr_line' id='line_1_33' title="bbox 412 4435 1624 4556; baseline -0.004 -31"><span class='ocrx_word' id='word_1_179' title='bbox 412 4442 619 4556; x_wconf 78' lang='lat' dir='ltr'>Mioayati</span> <span class='ocrx_word' id='word_1_180' title='bbox 633 4497 647 4539; x_wconf 94' lang='lat'>,</span> <span class='ocrx_word' id='word_1_181' title='bbox 911 4436 1166 4537; x_wconf 84' lang='lat' dir='ltr'>Amimanal,</span> <span class='ocrx_word' id='word_1_182' title='bbox 1199 4435 1291 4524; x_wconf 87' lang='lat' dir='ltr'>fecit</span> <span class='ocrx_word' id='word_1_183' title='bbox 1306 4465 1348 4537; x_wconf 89' lang='lat' dir='ltr'>ur</span> <span class='ocrx_word' id='word_1_184' title='bbox 1364 4443 1624 4525; x_wconf 84' lang='lat' dir='ltr'>existimaret.</span> 
     </span>
     <span class='ocr_line' id='line_1_34' title="bbox 413 4557 1602 4679; baseline -0.002 -31"><span class='ocrx_word' id='word_1_185' title='bbox 413 4561 650 4679; x_wconf 83' lang='lat' dir='ltr'>Aashayati,</span> <span class='ocrx_word' id='word_1_186' title='bbox 909 4560 1111 4660; x_wconf 81' lang='lat' dir='ltr'>Ashishai,</span> <span class='ocrx_word' id='word_1_187' title='bbox 1143 4557 1237 4644; x_wconf 83' lang='lat' dir='ltr'>fecit</span> <span class='ocrx_word' id='word_1_188' title='bbox 1257 4565 1546 4648; x_wconf 88' lang='lat' dir='ltr'>utobtioeret.</span> <span class='ocrx_word' id='word_1_189' title='bbox 1598 4579 1602 4588; x_wconf 88' lang='lat'>&#39;</span> 
     </span>
     <span class='ocr_line' id='line_1_35' title="bbox 415 4679 1609 4802; baseline 0 -32"><span class='ocrx_word' id='word_1_190' title='bbox 415 4687 638 4802; x_wconf 78' lang='lat' dir='ltr'>Mirayati,</span> <span class='ocrx_word' id='word_1_191' title='bbox 909 4681 1147 4784; x_wconf 83' lang='lat' dir='ltr'>Aruirnaral,</span> <span class='ocrx_word' id='word_1_192' title='bbox 1181 4679 1274 4769; x_wconf 84' lang='lat' dir='ltr'>fecit</span> <span class='ocrx_word' id='word_1_193' title='bbox 1303 4710 1346 4770; x_wconf 93' lang='lat' dir='ltr'>ut</span> <span class='ocrx_word' id='word_1_194' title='bbox 1363 4709 1609 4774; x_wconf 88' lang='lat' dir='ltr'>moreretur.</span> 
     </span>
     <span class='ocr_line' id='line_1_36' title="bbox 415 4805 1509 4926; baseline 0 -34"><span class='ocrx_word' id='word_1_195' title='bbox 415 4809 617 4924; x_wconf 75' lang='lat' dir='ltr'>Pilayati,</span> <span class='ocrx_word' id='word_1_196' title='bbox 912 4805 1094 4920; x_wconf 83' lang='lat' dir='ltr'>Apipalal</span> <span class='ocrx_word' id='word_1_197' title='bbox 1112 4865 1124 4906; x_wconf 95' lang='lat'>,</span> <span class='ocrx_word' id='word_1_198' title='bbox 1157 4805 1249 4892; x_wconf 82' lang='lat' dir='ltr'>fecit</span> <span class='ocrx_word' id='word_1_199' title='bbox 1266 4833 1310 4892; x_wconf 90' lang='lat' dir='ltr'>ut</span> <span class='ocrx_word' id='word_1_200' title='bbox 1328 4835 1509 4926; x_wconf 88' lang='lat' dir='ltr'>regeret.</span> 
     </span>
    </p>

    <p class='ocr_par' dir='ltr' id='par_1_7' title="bbox 389 4928 1773 5175">
     <span class='ocr_line' id='line_1_37' title="bbox 389 4928 1773 5048; baseline -0.001 -36"><span class='ocrx_word' id='word_1_201' title='bbox 389 5003 394 5012; x_wconf 92' lang='lat'>.</span> <span class='ocrx_word' id='word_1_202' title='bbox 414 4931 673 5048; x_wconf 85' lang='lat' dir='ltr'>Tschorayati</span> <span class='ocrx_word' id='word_1_203' title='bbox 684 4985 698 5029; x_wconf 90' lang='lat'>,</span> <span class='ocrx_word' id='word_1_204' title='bbox 912 4929 1233 5016; x_wconf 84' lang='lat' dir='ltr'>Atschirtschural</span> <span class='ocrx_word' id='word_1_205' title='bbox 1244 4992 1256 5032; x_wconf 96' lang='lat'>,</span> <span class='ocrx_word' id='word_1_206' title='bbox 1271 4929 1364 5017; x_wconf 88' lang='lat' dir='ltr'>fecit</span> <span class='ocrx_word' id='word_1_207' title='bbox 1384 4958 1429 5019; x_wconf 92' lang='lat' dir='ltr'>ut</span> <span class='ocrx_word' id='word_1_208' title='bbox 1443 4933 1549 5018; x_wconf 86' lang='lat' dir='ltr'>furto</span> <span class='ocrx_word' id='word_1_209' title='bbox 1568 4928 1773 5018; x_wconf 86' lang='lat' dir='ltr'>aufferret.</span> 
     </span>
     <span class='ocr_line' id='line_1_38' title="bbox 417 5053 1707 5175; baseline -0.006 -33"><span class='ocrx_word' id='word_1_210' title='bbox 417 5055 697 5175; x_wconf 82' lang='lat' dir='ltr'>Artschayati,</span> <span class='ocrx_word' id='word_1_211' title='bbox 877 5135 880 5140; x_wconf 17' lang='grc' dir='ltr'><strong>Δ</strong></span> <span class='ocrx_word' id='word_1_212' title='bbox 916 5053 1251 5157; x_wconf 84' lang='lat' dir='ltr'>Aartschitschal,</span> <span class='ocrx_word' id='word_1_213' title='bbox 1282 5053 1376 5142; x_wconf 81' lang='lat' dir='ltr'>iecit</span> <span class='ocrx_word' id='word_1_214' title='bbox 1399 5083 1443 5142; x_wconf 89' lang='lat' dir='ltr'>ut</span> <span class='ocrx_word' id='word_1_215' title='bbox 1461 5057 1639 5142; x_wconf 88' lang='lat' dir='ltr'>coleret.</span> <span class='ocrx_word' id='word_1_216' title='bbox 1700 5119 1707 5134; x_wconf 94' lang='lat'>.</span> 
     </span>
    </p>
   </div>
   <div class='ocr_carea' id='block_1_3' title="bbox 1267 5183 1532 5298">
    <p class='ocr_par' dir='ltr' id='par_1_8' title="bbox 1267 5183 1532 5298">
     <span class='ocr_line' id='line_1_39' title="bbox 1267 5183 1532 5298; baseline 0 -90"><span class='ocrx_word' id='word_1_217' title='bbox 1267 5183 1532 5298; x_wconf 69' lang='lat' dir='ltr'>aso.</span> 
     </span>
    </p>
   </div>
   <div class='ocr_carea' id='block_1_4' title="bbox 0 0 2280 6262">
    <p class='ocr_par' dir='ltr' id='par_1_9' title="bbox 0 0 2280 6262">
     <span class='ocr_line' id='line_1_40' title="bbox 0 0 2280 6262; baseline 0 0"><span class='ocrx_word' id='word_1_218' title='bbox 0 0 2280 6262; x_wconf 95' lang='lat' dir='ltr'> </span> 
     </span>
    </p>
   </div>
  </div>
 </body>
</html>
