4544 6276
490 442 579 544 364
2019 521 2025 528 .

488 555 703 646 Prostratio
741 575 833 644 ante
873 556 1013 655 idola,
1046 478 1352 676 abhivi'dyarn',
1384 552 1756 734 pidtgttitarram,
1764 541 1980 690 &hirida-

552 713 673 770 nam.
695 709 749 788 3
738 709 868 796 ..gen
897 709 935 763 ιι.

493 809 689 896 Sacerdos
700 804 831 906 Soirs
864 807 1005 904 laszti,
1036 802 1282 923 yadjaman,
1314 803 1551 893 ddedmra
1584 830 1627 913 3.
1652 831 1693 919 g.
1719 833 1776 892 ιιι.

491 932 686 1016 Sacerdos
697 931 822 1028 Solis,
854 931 925 1042 qui
951 931 1029 1034 jam
1060 933 1144 1042 ipse
1181 926 1435 1029 sacrificavit,
1470 953 1515 1015 ιιι
1556 955 1678 1042 agens
1715 929 1980 1044 praecipuus,
2024 955 2027 960 ·

556 1055 773 1167 Srhapadi,
807 1051 1145 1170 Ghiszpadiszyi,
1179 1053 1435 1170 brahasptdi,
1466 1075 1624 1170 yaszta,
1653 1051 1898 1169 yadjamin.
1930 1081 1934 1088 ’

494 1180 668 1293 Magnus
696 1179 909 1274 sacerdos,
938 1180 1008 1292 qui
1035 1181 1114 1283 jam
1141 1180 1277 1263 omnia
1303 1175 1490 1265 sacrificia
1519 1178 1702 1291 peregit,
1731 1177 1977 1279 satvavdda,

556 1303 760 1418 sahyena,
793 1304 888 1384 iszta
907 1358 922 1400 ,
953 1298 1083 1416 yiga,
1116 1303 1514 1390 sarvastadakshitra.
1545 1304 1639 1386 Om.
1658 1327 1699 1415 g.
1718 1329 1775 1384 m.

496 1428 690 1510 Sacerdos
722 1429 895 1524 Lunae,
926 1424 1172 1527 Simaoadi,
1198 1426 1401 1544 diksttm.

494 1551 688 1636 Sacerdos
713 1552 879 1648 Lunae,
908 1553 980 1665 qui
1024 1552 1225 1664 liquorem
1266 1552 1370 1635 bibit
1408 1577 1459 1634 ert
1503 1549 1635 1634 herbis
1663 1549 1803 1632 Lunae
1841 1549 1982 1634 dicatis

556 1701 811 1784 expressum.
847 1671 1069 1757 Sbrnavititi
1088 1735 1101 1773 ,
1124 1673 1318 1783 Simapa.
1902 1741 1906 1748 -

495 1797 737 1882 Sacrificium
781 1803 925 1883 florum
956 1855 970 1895 ,
1002 1797 1300 1914 archyapirdjai.
1332 1797 1576 1884 Sacrificium
1619 1794 1735 1882 iactis
1762 1798 1983 1912 ,nocturnis

559 1921 732 2017 factum,
763 1921 847 2002 bari
862 1980 872 2002 .

494 2043 739 2132 Sacrificium
768 2047 1106 2158 Peregrinorum,
1138 2044 1427 2160 Aditltipitdjd.

991 2225 1345 2382 saccio
1394 2293 1492 2378 ιιι.

741 2553 803 2630 Dr
819 2545 964 2646 Caelo,
997 2543 1282 2641 Firmamento,
1314 2541 1469 2642 Atreis,
1493 2540 1767 2657 litteraris„
1795 2627 1813 2658 Γ

1053 2687 1092 2750 er
1132 2664 1418 2775 Temporibus.

495 2914 724 3014 Mundus,
768 2911 934 3026 κόσμος,
966 2914 1261 3031 Sarvaldgam,
1309 2919 1660 3032 titzravrtrayam,
1693 2916 1852 3028 gegati,
1885 2919 1981 2996 Gerr.

543 3037 645 3147 sem.
674 3041 820 3156 geguei
850 3067 942 3151 gen
973 3069 1044 3138 3.,
1076 3037 1376 3159 dyivabhttmi,
1408 3034 1565 3140 rddasi,
1589 3039 1905 3147 divattthitjau,
1936 3038 1983 3124 id

401 3219 405 3233 .
555 3189 642 3264 est,
677 3169 829 3248 caelum
860 3189 903 3248 et
929 3187 1029 3248 terra
1056 3167 1177 3252 simui
1204 3189 1391 3277 sumpta.

493 3285 618 3371 Orbis
648 3312 863 3387 tetrarum,
897 3287 1179 3402 bholdgamg.
1201 3320 1268 3385 n.·‚
1301 3290 1556 3388 bhuvatram,
1584 3315 1707 3398 gart
1737 3283 1847 3390 bhir,
1881 3283 1984 3368 bhu·

555 3406 641 3510 mi,
678 3407 874 3507 dharani,
907 3409 1101 3510 atschalti,
1132 3410 1412 3512 sarvabhumi,
1446 3421 1532 3496 Om.
1539 3409 1689 3523 gmfem

489 3523 686 3630 Caelum,
720 3531 924 3628 dcisham,
956 3537 1295 3664 patqmandalam,
1329 3532 1655 3648 molrshaidgam,
1686 3561 1728 3642 3.
1756 3559 1854 3648 gar.

396 3735 403 3744 ,
490 3657 660 3740 Caelum
693 3657 981 3756 Ethnicorum,
1017 3661 1058 3741 in
1082 3661 1280 3771 quo-suos
1298 3661 1395 3744 deos
1416 3659 1642 3756 collocant,
1674 3685 1765 3754 sva,
1780 3679 1973 3770 svarggs,

556 3777 679 3878 nica,
714 3781 886 3878 tridiva,
920 3779 1209 3898 tridtshtiiaya,
1239 3780 1446 3896 sutaldga,
1483 3808 1524 3885 ς.
1552 3807 1648 3894 gen,
1632 3807 1787 3865 ,maso

491 3904 824 4004 Firmamentum,
858 3899 946 4019 dyo.
970 3924 1009 3986 et
1042 3908 1147 4022 dyo,
1185 3937 1223 3991 2.
1257 3904 1451 4022 g..;fem
1482 3905 1639 4003 iham,
1670 3900 1829 4001 vioma,
1860 3925 1973 4014 puter

552 4057 665 4126 cara,
699 4029 859 4130 nabha,
892 4031 1137 4117 antariksha

490 4150 601 4252 Aer,
636 4152 826 4252 abhram,
861 4153 1017 4252 marui,
1048 4154 1259 4256 shvasarra,
1291 4150 1412 4254 vata,
1446 4149 1572 4266 riga,
1601 4147 1769 4250 samita,
1801 4147 1975 4264 sparsha·

547 4305 626 4374 na,
660 4277 787 4373 anila,
820 4274 1089 4388 gegelptitrraz

489 4395 759 4495 Notandum,
795 4400 938 4482 multas
977 4427 1025 4482 err
1063 4401 1123 4484 his
1155 4402 1405 4486 dictionibus
1436 4397 1752 4511 metaphoricas,
1780 4397 1844 4482 vei
1879 4391 1978 4507 poti

552 4524 806 4634 descriptivas
832 4550 938 4621 esse,
971 4553 1010 4608 v.
999 4553 1067 4639 ..g
1095 4525 1295 4608 sioasana
1319 4525 1487 4610 denotat
1512 4527 1753 4616 elementum
1783 4521 1898 4636 quod
1922 4543 1976 4600 te·

548 4647 743 4755 spiratur,
778 4669 947 4732 tractum
984 4677 1006 4730 3
1039 4645 1201 4732 svrisam
1232 4651 1461 4756 respiratio,
1494 4647 1728 4759 respitiuma
1760 4643 1979 4753 Sparsitana

551 4769 793 4852 elementum
823 4771 1088 4882 intangibiie,
1122 4797 1144 4854 a
1180 4773 1339 4880 sparsim
1374 4760 1528 4870 tactus,
1562 4795 1602 4854 et
1633 4769 1846 4876 sparsiana
1875 4767 1981 4851 actio

548 4892 1018 5006 tangenditgegdprrina
1038 4895 1361 4990 mundianima,
1383 4921 1405 4977 a
1418 4894 1530 5006 gegei
1556 4885 1760 4992 mundus,
1793 4915 1835 4976 tt
1856 4887 1984 4998 puina

544 5021 698 5114 animat
731 5041 771 5102 et
794 5015 873 5105 hoc
902 5017 1028 5120 ideo,
1060 5021 1156 5136 quia
1184 5046 1255 5131 333
1280 5019 1481 5108 mundum
1509 5041 1717 5134 permeat.
1751 5019 1812 5104 Ex
1836 5015 1896 5102 his
1916 5037 1986 5100 no·
