4552 6266
470 459 608 673 1⁷is4per
636 549 764 644 ierim
797 583 872 649 nos
901 559 1050 662 ambo,
1071 557 1231 678 yuvdm
1259 501 1335 645 uus¹
1355 557 1507 660 ambo,
1537 577 1608 644 eeu
1624 559 1679 646 illi
1700 523 1853 660 autboa
1875 561 1969 650 Plu·

474 683 563 771 ralis
587 711 663 797 per
679 687 718 771 te
742 684 827 784 illi,
848 685 995 802 yziyem
1019 713 1117 790 vor,
1146 713 1292 803 uayem
1326 712 1401 775 nos
1426 688 1588 802 plures.
1618 689 1691 772 His
1722 690 1970 802 praenotatis

358 861 360 866 ·
476 811 526 896 sit
551 814 680 924 prima
707 812 974 926 conjugatio.
1667 835 1669 840 ·

995 1058 1352 1146 SECTIO
1416 1060 1449 1146 1.

1076 1301 1340 1422 Rbusatriyem
1359 1363 1372 1391 .

728 1433 820 1522 Huc
852 1452 911 1519 est
942 1428 1110 1516 verbum
1140 1428 1364 1544 significans
1389 1457 1498 1531 esse,
1526 1431 1719 1518 existere.

1005 1552 1150 1642 Activa
1174 1557 1448 1642 Terminatio.

895 1805 1555 1912 10Cou5uuur10.

602 2054 699 2152 Lat,
730 2049 993 2136 vereamini.
1027 2051 1240 2138 IndicatIvi
1272 2073 1430 2164 tempus
1458 2079 1667 2164 praesens.

605 2181 718 2290 Sing.
793 2177 1005 2276 uhavadi,
1038 2177 1105 2260 ille
1135 2197 1217 2278 est,
1251 2177 1315 2262 vel
1343 2177 1502 2260 existit.

604 2301 728 2386 Dual.
792 2301 986 2384 Bieueda
1003 2355 1017 2399 ,
1040 2301 1104 2384 ‘illi
1138 2299 1260 2386 ambo
1279 2322 1373 2386 sunt
1403 2301 1464 2384 vel
1494 2302 1691 2384 existunt.
1740 2383 1743 2386 .

602 2423 744 2509 Plural.
787 2425 1020 2526 Biavande',
1053 2426 1108 2510 ilii
1128 2427 1262 2539 plures
1284 2447 1380 2510 sunt
1394 2481 1409 2526 ‚
1442 2425 1504 2510 vel
1521 2427 1721 2510 existunt.
1836 2518 1837 2522 Ν

603 2549 714 2663 Sing.
789 2549 997 2648 Biavesi,
1032 2570 1076 2636 tu
1112 2577 1178 2636 et.

602 2673 724 2758 Dual.
786 2674 1029 2772 Biavathti,
1064 2699 1137 2758 vos
1165 2675 1288 2759 ambo
1316 2675 1440 2760 estis.

601 2797 746 2882 Plutal.
792 2799 1031 2896 Manuaria,
1064 2823 1138 2884 vos
1166 2800 1299 2911 plures
1328 2802 1448 2887 estis.

603 2919 734 3035 δίης.
792 2921 1024 3022 Biavieni,
1059 2948 1138 3036 ego
1161 2949 1285 3008 sum.

603 3045 724 3130 Dual.
785 3043 1016 3146 uraveva,
1053 3072 1127 3130 nos
1155 3046 1278 3132 ambo
1309 3073 1470 3134 sumus.

598 3167 743 3256 Plural.
790 3171 1031 3272 Biavema,
1067 3195 1141 3258 nos
1168 3173 1302 3285 plures
1333 3196 1496 3260 sumus.

598 3423 721 3527 tang.
744 3417 1015 3534 anadyarrni.
1049 3421 1306 3503 Praeteritum
1345 3415 1566 3531 perfectum
1596 3417 1629 3500 1.

599 3542 711 3652 δίης.
787 3541 1001 3637 Abiaval,
1033 3539 1139 3626 fuit.

597 3661 717 3747 Dual·
779 3663 1070 3764 Athamana,
1103 3661 1224 3749 ambo
1247 3662 1436 3752 fuerunt.

597 3785 738 3871 Plurai.
781 3783 1003 3890 Abiavan,
1034 3787 1230 3876 fuerunt.

599 3913 711 4025 Sing.
784 3913 985 4012 abraae,
1018 3911 1162 3998 fuisti.

600 4037 721 4121 Dual.
784 4037 1072 4137 Abuavadam,
1105 4035 1227 4122 ambo
1257 4033 1417 4123 fuistis.

598 4161 741 4245 Plural.
783 4161 1035 4261 Abltavada,
1067 4158 1222 4248 fuistis.

504 4293 507 4300 '
598 4287 711 4399 Sing.
785 4286 1025 4383 Abiturum,
1056 4313 1136 4402 ego
1164 4285 1247 4371 fui.

600 4409 719 4494 Dual.
779 4409 1044 4508 Abtavrvtt,
1080 4439 1153 4495 nos
1183 4409 1304 4496 ambo
1334 4406 1516 4498 fuimus.

595 4533 737 4620 Plural.
783 4533 1050 4636 Abuavemr,
1083 4532 1258 4638 fuimus,

598 4779 683 4866 Lol.
820 4785 1034 4894 optativus
1065 4785 1356 4896 imperativus.
1614 4883 1617 4889 ¹

603 4907 716 5020 Sing.
788 4907 981 4992 Biavadu
1011 4906 1077 4992 vel
1102 4907 1339 5006 Biavadal,
1371 4907 1450 5002 sit,
1482 4903 1633 4988 utinam
1668 4901 1743 4987 sit.

552 5023 554 5030 ’
596 5027 718 5117 Dutl.
784 5029 1047 5156 Biavaeieim
1078 5034 1188 5137 sint,
1222 5033 1373 5120 utinam
1403 5027 1523 5138 ambo,
1551 5029 1655 5116 sint.
