4552 6266
301 579 346 664 in
372 604 400 660 a
430 573 600 692 longum
624 573 838 671 exeuntia,
869 595 914 658 ac
940 571 995 658 ad
1019 571 1185 684 primam
1228 561 1515 656 femininorum
1562 480 1796 656 declinantes-

302 725 397 786 nem
425 699 670 813 spectantia,
703 719 750 780 ut
774 691 1067 809 Raima,diaiyri
1098 699 1202 788 δια,
1236 691 1317 777 Sed
1342 688 1574 799 cumprimis
1604 689 1790 772 struinam

302 822 524 908 indicantia
562 841 609 906 ut
637 817 795 920 vuimd,
815 817 941 934 ytiszei
952 873 966 916 ,
994 811 1143 912 abela,
1175 810 1328 897 madrid
1343 869 1358 912 ,
1375 803 1600 917 praemadei,
1624 804 1787 912 cdudd,

304 941 477 1046 eihand,
507 943 693 1042 attane,
716 941 890 1058 htarye,
912 938 1042 1038 deieci,
1060 935 1321 1052 madiyamd,
1344 930 1497 1048 coryti,
1529 953 1568 1016 et
1584 929 1657 1020 alit
1684 957 1791 1050 quae

301 1067 430 1153 varias
452 1063 691 1158 feminarum
720 1069 903 1182 species,
934 1087 976 1150 et
1001 1063 1263 1178 proprietates
1290 1055 1545 1177 significant.
1620 1072 1623 1078 ·

880 1309 1224 1396 Naurum

429 1561 461 1640 Ι.
527 1561 634 1646 Sunt
666 1543 831 1646 nomina
861 1559 991 1658 aeris,
1020 1557 1238 1652 silvarum,
1268 1551 1493 1652 foliorum,
1523 1581 1718 1666 specuum
1743 1577 1787 1640 et

305 1703 539 1782 antrorum,
575 1681 780 1780 nubium,
812 1683 1071 1779 nebularum,
1104 1707 1258 1795 aquae,
1291 1678 1471 1794 frigoris,
1504 1681 1678 1780 coloris,
1706 1707 1789 1765 car·
1826 1682 1835 1710 ⁸

281 1811 399 1906 nis,
432 1810 661 1918 sanguinIs,
691 1804 835 1907 faciei,
867 1807 1105 1905 oculorum,
1137 1801 1405 1902 fortitudinis,
1436 1805 1549 1916 jugi,
1582 1805 1695 1900 auri,
1718 1801 1792 1894 fer·,

304 1931 370 2025 ti,
405 1929 606 2030 tristitiae,
638 1931 839 2028 laetitiae,
871 1931 1087 2028 bonitatis,
1121 1931 1327 2030 malitiae,
1359 1931 1500 2012 florum
1527 1986 1542 2026 ,
1573 1927 1694 2026 salis,
1727 1955 1790 2012 ue·

279 2115 282 2124 a
305 2055 399 2153 cis,
449 2081 636 2166 pugnae,
668 2079 708 2138 er
733 2057 805 2138 alia
831 2079 905 2140 usu
937 2054 1184 2138 ediscenda.

428 2177 480 2260 11.
541 2181 774 2264 Desinenria
801 2183 842 2262 in
872 2207 947 2276 as,
974 2178 1042 2277 is,
1077 2207 1153 2276 us,
1179 2199 1225 2262 ut
1242 2177 1341 2292 yasit
1373 2198 1507 2260 ortum
1532 2203 1581 2260 ert
1611 2179 1784 2291 yasias,
1881 2179 1884 2186 ’

303 2298 491 2399 tsriara,
521 2323 654 2410 vapra,
687 2309 765 2386 dec.
794 2307 895 2385 Item
922 2303 1142 2386 desinentia
1177 2303 1219 2383 in
1245 2329 1311 2381 am
1339 2303 1380 2381 in
1417 2303 1710 2400 Nominativo,
1739 2325 1783 2384 ut

303 2417 550 2523 Tseiittam,
581 2427 776 2507 rscuedam
810 2426 1024 2509 voluntas.
1055 2429 1156 2506 Item
1183 2425 1403 2508 desinentia
1435 2429 1476 2506 in
1506 2455 1533 2506 a
1557 2423 1711 2522 breve,
1744 2445 1784 2506 et

301 2549 518 2654 spectantia
540 2549 592 2632 ad
625 2547 912 2632 declinationes
933 2566 1158 2630 neutrorum
1195 2549 1427 2630 exeuntium
1456 2549 1498 2630 in
1523 2547 1604 2627 tacu
1619 2603 1632 2644 ,
1650 2550 1702 2646 d,
1725 2576 1785 2644 n,

301 2667 380 2766 di,
408 2695 453 2766 r,
479 2699 528 2766 s,
558 2668 609 2753 de
655 2671 804 2784 quibus
840 2698 957 2783 supra
994 2673 1037 2754 in
1067 2673 1249 2754 neutris.
1281 2665 1438 2756 Confer
1478 2672 1784 2756 Grammaticam

304 2788 653 2886 Samscrdamicam
688 2821 710 2878 a
737 2795 1050 2909 pog.118-·ad
1088 2823 1189 2878 rao.

813 3042 1278 3130 Couuuntm

406 3287 586 3401 ¹Lingua
617 3289 931 3377 Samsctdamica
967 3317 1051 3378 non
1087 3283 1210 3376 habet
1250 3281 1385 3407 genus
1422 3317 1640 3376 commune
1669 3349 1685 3393 ,
1715 3293 1787 3380 sed
1883 3349 1887 3355 -

303 3409 442 3492 omnia
476 3413 639 3498 nomina
661 3416 968 3530 distinguuntur
997 3419 1039 3502 in
1070 3413 1315 3518 masculina,
1347 3413 1576 3515 feminina,
1609 3439 1648 3499 et
1686 3445 1782 3503 neu·
1848 3419 1852 3426 ’

304 3552 397 3624 tra,
429 3533 480 3616 V.
500 3563 540 3648 g.
567 3544 732 3636 saroa,
768 3540 892 3623 omnis
919 3541 1029 3654 apud
1054 3541 1200 3634 latinos
1225 3566 1442 3628 commune
1464 3543 1561 3630 mari
1589 3597 1606 3643 ,
1640 3565 1680 3624 et
1724 3541 1788 3628 fe·
1920 3625 1924 3634 .

304 3659 465 3774 minae,
495 3663 897 3778 contradistinguitur
921 3691 994 3778 per
1022 3689 1094 3750 sua
1114 3689 1260 3781 genera
1277 3698 1305 3748 a

382 4019 386 4025 ἱ
491 3908 617 3994 Masc.
896 3903 1050 3994 femin.
1548 3921 1674 4002 Neur.

304 4027 431 4114 Nom.
462 4037 616 4131 Saeva,
865 4033 996 4120 sarva
1017 4061 1109 4122 cum
1138 4036 1276 4122 ultima
1306 4037 1460 4152 longa,
1489 4121 1492 4129 Α
1520 4048 1722 4124 sarvam.

401 4167 414 4209 s
427 4153 487 4238 Ita
513 4184 625 4238 sama
650 4155 786 4241 similis
810 4188 826 4252 ε
857 4163 1000 4242 cadara
1030 4183 1070 4243 et
1099 4163 1263 4244 cadam
1298 4165 1456 4278 qualis,
1484 4167 1628 4248 sedare
1658 4187 1700 4248 er
1724 4191 1789 4244 sa·
1844 4221 1849 4227 -

302 4259 422 4360 &ma
450 4279 557 4378 talis,
593 4279 745 4364 visiun
775 4284 927 4381 omnis,
959 4285 1170 4366 daircit’na
1194 4287 1396 4388 australis,
1427 4308 1561 4373 urtam
1587 4287 1784 4388 borealis,

300 4396 426 4482 ebera
462 4429 531 4488 seu
569 4427 691 4511 epm
731 4405 1027 4506 occidentalis,
1056 4410 1208 4492 addara
1247 4407 1449 4514 inferior,
1480 4413 1600 4508 vilica
1629 4400 1781 4496 anderu

301 4527 516 4634 proprius,
549 4527 766 4628 occultus,
797 4531 1003 4641 multiplex
1030 4535 1052 4630 ,'
1077 4553 1119 4617 et
1156 4533 1230 4618 alia
1274 4537 1413 4650 quoad
1453 4564 1601 4652 genera
1641 4535 1781 4621 distin·

301 4671 515 4759 guantur,
546 4653 776 4765 etquidem
808 4655 1072 4740 masculinum
1109 4683 1180 4770 per
1213 4689 1240 4740 a
1269 4659 1421 4761 breve,
1455 4659 1689 4748 femininum
1710 4685 1781 4771 per

300 4765 329 4850 ai
362 4770 565 4884 longum,
598 4800 785 4861 neutrum
813 4805 886 4890 per
910 4808 963 4861 m.
998 4773 1114 4874 finale
1131 4811 1263 4897 ,quo
1304 4809 1492 4898 correpto
1518 4789 1559 4870 in
1588 4785 1782 4870 Nomina-

300 4893 467 4996 tiuo,fit
494 4926 729 5000 seruo,seu
750 4931 779 4984 a
804 4903 926 4988 breve
955 4928 1172 5008 neutrum,
1204 4911 1319 5026 quod
1348 4911 1440 4997 vide
1461 4935 1612 5026 supra.
