4612 6268
1737 495 1772 561 'd

309 598 422 702 Vide
451 598 493 685 in
523 590 1126 711 Grammatica·Sartisctdamica
1150 592 1339 700 'eamdem
1367 595 1553 710 paginam
1578 596 1649 680 cir.
1778 496 1805 578 fi

435 719 486 806 V.
516 723 660 808 Classis
690 721 1000 808 consonantium
1016 723 1361 833 superimpositam
1381 721 1484 834 gerit
1511 741 1647 806 notam
1664 776 1679 822 ,
1697 745 1804 840 quae

304 849 443 973 literae
492 893 570 974 nin
601 889 717 974 vites·
734 886 846 972 obits
864 919 902 970 v.
921 915 964 1004 g.
982 907 1046 974 eus
1062 889 1135 974 lla
1157 909 1217 972 est
1233 885 1386 1002 duplex
1414 883 1486 991 kk,
1519 888 1805 1001 cui‘sinsuper·

305 1099 491 1211 imponas
518 1101 680 1216 signum
708 1127 734 1181 r·
759 1105 832 1188 trit
850 1091 1052 1184 dullen.
1078 1097 1185 1183 Vide
1213 1100 1256 1182 in
1282 1101 1420 1188 eadem
1438 1099 1665 1187 Grammat.
1682 1107 1724 1211 p.
1741 1101 1801 1213 84

170 1371 173 1376 ,
304 1277 563 1356 consonantes
582 1275 720 1352 Rectus
738 1290 811 1376 pen
830 1265 1008 1351 litteram
1035 1291 1092 1364 r,
1121 1287 1163 1352 et
1183 1266 1227 1352 in
1253 1263 1485 1382 Alphabeto
1512 1265 1803 1358 Granthnmico

302 1423 396 1510 pag.
422 1422 474 1498 59
510 1392 677 1474 Classem
697 1397 755 1474 V.
789 1395 834 1477 In
860 1391 920 1476 his
936 1387 1101 1475 duobus
1126 1392 1227 1502 locis
1256 1394 1427 1505 reperies
1454 1411 1494 1476 et
1519 1393 1612 1476 alias
1626 1361 1798 1506 permul-

264 1529 271 1538 '
302 1542 358 1602 tas
388 1505 705 1602 samsctdamicas
728 1517 890 1614 literas,
920 1518 1049 1600 varios
1076 1521 1404 1616 earum'nexus,
1437 1517 1617 1630 duplices
1645 1542 1685 1600 et
1719 1520 1793 1602 tri·

298 1645 419 1758 plices
463 1643 774 1728 consonantium
803 1641 976 1756 figuras,
1003 1665 1108 1754 quae
1138 1643 1237 1726 dum
1267 1669 1317 1726 ex
1351 1641 1476 1725 tribus
1517 1665 1585 1726 aut
1618 1664 1795 1756 quatuor

297 1767 503 1852 elementis
529 1767 720 1850 conflatae
745 1789 840 1850 sunt
854 1783 875 1864 ,'
890 1759 1513 1882 Pnlnnnkscllarn‘nuncupantur,
1531 1765 1692 1848 arurnn
1710 1768 1812 1880 ple··

295 1919 397 1990 uus,
430 1915 470 1976 et
494 1889 683 1974 alstlara
726 1889 868 1988 litera,
909 1918 981 1974 seu
1009 1889 1149 1973 literae
1179 1890 1345 2000 plenae,
1386 1889 1502 2006 quod
1530 1889 1791 2002 expluribus

295 2039 508 2132 congestae
533 2039 574 2098 et
593 2015 788 2128 implexae
813 2019 893 2132 sint
911 2017 1010 2106 ,Ἐκ
1031 2013 1184 2130 quibus
1212 2017 1405 2108 omnibus
1435 2018 1512 2124 jam
1542 2040 1650 2126 paret
1672 2047 1683 2094 r
1709 2018 1789 2108 ele·

292 2164 426 2226 menta
449 2143 648 2242 literarum
677 2141 943 2253 granthamica
970 2169 1041 2254 seu
1071 2143 1369 2230 samscrdamica
1387 2167 1491 2254 pene
1511 2137 1665 2224 infinita
1679 2133 1785 2243 esse,

289 2292 336 2350 ac
362 2267 534 2378 proinde
559 2263 813 2376 alphabetum
845 2266 1189 2352 samsc'rdamicum
1217 2271 1326 2380 prius
1351 2265 1531 2350 studiose
1556 2259 1787 2377 perdiscenss

289 2390 386 2474 dum
418 2417 531 2488 esse,
558 2417 676 2503 quam
714 2391 763 2474 ad
783 2392 995 2476 lectionem
1025 2414 1066 2473 et
1084 2395 1378 2502 grammaticam
1398 2391 1666 2502 procedatur.
1696 2395 1784 2474 Pro·

288 2509 395 2600 fecto
427 2516 474 2598 R.
494 2517 540 2598 P.
554 2515 816 2626 ildephonsus
843 2543 864 2598 a
887 2518 1209 2599 Praesentatione
1237 2537 1334 2598 octo
1369 2512 1489 2598 millia
1520 2513 1785 2598 satnscrdami·

280 2649 422 2722 carum
455 2641 655 2722 literarum
681 2641 722 2722 in
746 2665 820 2722 suo
850 2641 1121 2750 manuscripto
1150 2639 1379 2752 Alphabeto
1404 2631 1548 2734 affert,
1574 2665 1677 2752 quae
1700 2661 1783 2730 orne

287 2787 357 2845 nes
376 2789 426 2844 ex
450 2763 652 2846 elementis
674 2789 696 2846 a
720 2762 840 2848 nohis
862 2765 986 2849 allatis
1015 2766 1269 2848 descendunt
1283 2789 1325 2846 et
1338 2787 1643 2874 componuntur
1663 2823 1675 2846 .
1693 2767 1781 2872 Nos

284 2885 374 2968 heic
401 2887 610 2988 radicales,
640 2911 682 2990 er
706 2890 890 2998 proxime
919 2889 971 2973 ab
989 2891 1034 2972 iis
1053 2891 1343 2974 descendentes
1360 2890 1663 3000 descripsimus,
1683 2917 1781 3006 quas

281 3009 314 3092 si
337 3016 553 3096 memoriae
585 3013 771 3111 mandes,
801 3035 842 3108 er
869 3014 1016 3098 diurna
1043 3035 1166 3126 atque·
1188 3037 1391 3111 nocturna
1413 3039 1532 3096 manu
1563 3034 1678 3126 saepe
1709 3015 1797 3100 de·-

280 3135 449 3233 scribas,
464 3137 632 3254 reliquas
652 3165 702 3220 ex
719 3138 764 3220 iis
776 3161 1058 3248 promanantes
1079 3135 1193 3220 facile
1211 3139 1449 3256 dignosces,
1468 3159 1509 3222 et
1524 3139 1696 3224 edisces.
1719 3135 1780 3248 U>

284 3257 368 3348 lam
392 3259 442 3345 ad
467 3261 655 3350 lectionis
673 3257 889 3376 specimina
920 3259 1216 3377 procedamus.
1462 3257 1467 3268 ’
1766 3259 1771 3268 ’

792 3511 1147 3602 SECTIO
1211 3511 1267 3595 V.

706 3827 708 3830 -
772 3847 774 3852 ,
822 3762 1016 3872 Exempla
1037 3761 1231 3848 Lectionis

393 3979 1567 4149 mmuuedusgnnffluuagfflwdsldsMQffi

394 4191 1770 4364 wnffisfflQpqmnonhmfflmeepasonsssps

404 4390 503 4474 Rath
521 4393 688 4490 ,aischva
703 4451 718 4493 ,
729 4397 842 4508 gagia
859 4451 874 4494 ,
890 4391 1080 4505 patrinaim
1097 4395 1248 4508 ,gelam
1261 4453 1275 4491 ,
1288 4395 1511 4508 parvvada,
1531 4394 1769 4506 mdrggachd

370 4511 614 4600 lanrrhdibhi
628 4574 649 4650 ,y
670 4521 775 4618 scia,
795 4519 1079 4626 juddh'artrhe,
1109 4517 1313 4634 samgrahe
1337 4579 1352 4622 ,
1376 4517 1557 4630 juddha,
1588 4515 1769 4606 cdvidu.

383 4753 443 4854 (Ἴ
491 4757 533 4829 ln
554 4761 819 4835 commentariis
845 4761 1122 4859 Petropolitanis
1142 4773 1232 4836 lom.
1248 4765 1299 4837 Ill
1318 4781 1354 4837 et
1371 4763 1423 4834 lV
1438 4761 1495 4834 vir
1513 4757 1671 4858 apprimd
1686 4787 1766 4840 eru.

280 4853 378 4928 ditus
403 4857 620 4955 Theophilus
645 4861 841 4961 sigefridus
852 4867 1007 4964 Bayerus
1031 4865 1068 4936 in
1095 4867 1162 4938 Vll
1187 4867 1318 4940 tabulis
1340 4865 1413 4939 aeri
1437 4865 1560 4937 incisis
1583 4861 1763 4940 characte-

279 4979 337 5030 res
357 4957 502 5029 exhibet
514 4957 807 5058 Dlvunagaricos·
820 4969 1122 5062 quamplurimos;
1149 4969 1194 5039 R·
1205 4967 1242 5038 P·
1259 4971 1426 5041 Clemens
1451 4971 1567 5052 alesu
1587 4964 1763 5039 Gruntltn·

277 5057 381 5132 miens
408 5055 493 5130 feres
508 5085 634 5136 omnes
660 5063 696 5135 in
724 5089 788 5141 suo
799 5067 1003 5166 Alphabeto
1018 5069 1528 5150 Melabarico-Samscrdamico
1543 5065 1679 5166 ,typis
1693 5067 1762 5142 edi·

276 5173 320 5234 to
339 5159 475 5237 Romae
498 5187 594 5238 anno
629 5181 749 5264 ¹77²·
965 5198 966 5202 ¹
