4552 6266
756 627 850 716 SE
884 625 924 712 C
955 622 993 710 T
1022 623 1112 709 10
1174 619 1305 708 Vll..

537 881 603 965 De
620 824 885 964 ,connexione
907 875 1132 970 Nominum
1149 871 1347 980 danudon
1367 859 1498 962 dicta.

396 1128 538 1215 Solent
560 1127 724 1212 nomina
748 1123 956 1240 copulati,
989 1129 1097 1211 utin
1126 1127 1295 1228 Latino,
1315 1152 1388 1240 per
1412 1123 1600 1240 copulam
1628 1128 1767 1234 nel„

268 1272 306 1338 et
323 1311 345 1337 ν
360 1250 510 1341 Verum
535 1253 586 1336 ad
611 1253 835 1338 evitandam
854 1253 1135 1337 monotoniam
1161 1273 1202 1335 et
1223 1253 1457 1337 continuam
1482 1255 1763 1366 repetitionem

265 1379 479 1492 particulae
503 1377 609 1461 rsclta
624 1435 639 1478 ,
657 1395 727 1477 et,
753 1376 972 1490 elegantius
1004 1397 1182 1490 ponetur
1216 1405 1342 1462 unum
1374 1403 1425 1464 ex
1454 1379 1688 1465 nominibus
1719 1381 1762 1467 in

265 1527 436 1588 numero
475 1503 620 1597 duali,
653 1501 807 1609 abjecta
843 1525 1005 1610 prorsus
1039 1499 1233 1614 particula
1260 1501 1523 1614 copulativa.
1558 1501 1611 1586 V.
1629 1531 1669 1617 g.
1695 1503 1762 1590 Sol
1893 1507 1897 1517 '

265 1643 303 1708 et
327 1633 469 1729 Luna,
499 1629 580 1714 dici
608 1623 1008 1739 potestaStiryalsclta
1041 1625 1384 1726 tsclandratscla,
1416 1627 1459 1712 id
1491 1651 1578 1728 est,
1601 1627 1665 1713 Sol
1695 1647 1759 1730 er,

261 1755 372 1833 luna
400 1771 460 1834 et.
495 1754 647 1838 Verum
680 1751 900 1864 elegantius
924 1749 1032 1835 dices
1056 1781 1066 1830 ε
1096 1746 1455 1864 Stityatscltandrau
1482 1753 1543 1836 sol
1574 1773 1615 1835 et
1638 1750 1760 1838 luna.

260 1875 623 1974 Sicaslvaraetau,
634 1877 730 1992 equi
746 1897 960 1959 etcurrus.
978 1873 1143 1956 Vrlrsclra
1158 1876 1550 1980 pervadauarbores
1570 1899 1611 1960 et
1625 1903 1757 1965 monst

385 2002 512 2086 Simili
543 2001 669 2086 modo
701 1999 995 2085 contrahuntur
1023 1995 1296 2086 membrorum
1320 2000 1620 2100 humanornm,
1657 2023 1786 2118 tym·‚
1877 2093 1878 2096 Ν

260 2149 457 2238 panorum
486 2150 526 2212 et
549 2129 908 2213 instrumentorum
946 2125 1138 2224 nomina,
1170 2146 1211 2208 et
1237 2125 1434 2212 exercitus
1462 2149 1617 2238 partes.
1647 2125 1698 2210 V.
1712 2155 1753 2244 g.

259 2247 566 2359 Siirogrivam,
590 2275 713 2362 caput
738 2273 778 2336 tt
808 2249 957 2334 collum
977 2247 1382 2356 tratlticapadciram,
1407 2252 1550 2336 milites
1575 2253 1772 2345 currules

115 2441 122 2448 .
257 2392 298 2456 et
325 2373 554 2484 pedestres.
586 2375 871 2471 Aaraisltastri,
904 2373 988 2458 duo
1033 2375 1295 2460 instrumenta
1325 2371 1451 2458 ferrea
1483 2431 1496 2456 .
1528 2373 1754 2478 Meirdjaim

255 2495 475 2582 mosaicam
506 2497 592 2585 selis
620 2522 660 2582 et
692 2529 805 2584 mus.
837 2493 1217 2614 Taksclrtipaskciram
1247 2493 1360 2584 faber
1387 2489 1582 2612 liguarius
1618 2520 1660 2584 et
1675 2495 1754 2584 fer·

255 2623 411 2706 rarius.
443 2620 1030 2738 Radjacarandubdyam,lotor
1055 2643 1267 2706 ettextor.
1298 2623 1408 2706 Dum
1432 2623 1548 2734 plura
1577 2648 1752 2710 concur«

254 2765 350 2830 tunt
375 2748 583 2847 animalia,
608 2773 747 2833 eorum
775 2749 937 2832 nomina
968 2769 1131 2831 manent
1150 2749 1192 2831 in
1222 2746 1440 2862 singulari,
1466 2769 1508 2832 et
1535 2746 1667 2833 solum
1696 2747 1753 2835 ul·

254 2871 397 2990 timum
425 2873 594 2982 ponitur
619 2872 660 2954 in
685 2871 850 2984 plurali,
872 2899 917 2980 y.
929 2898 971 2986 g.
996 2873 1509 2990 Megasltacuniliscltudra
1532 2871 1748 2992 gordanis

252 2993 435 3078 animalia
460 2997 746 3110 quadrupeda,
771 3025 881 3094 aves,
908 3020 950 3114 et
976 3021 1119 3111 parvae
1142 2999 1319 3083 bestiae.
1353 2997 1436 3084 Sed
1471 2999 1598 3088 dehis
1625 2999 1749 3099 satis,
1847 3057 1850 3063 -
1900 3037 1902 3042 ·

252 3115 369 3233 plura
394 3121 500 3208 enim
522 3123 596 3212 alia
625 3120 747 3232 hujus
777 3121 933 3239 generis
958 3121 1137 3242 legendo
1161 3125 1411 3243 assequeris.
1880 3151 1884 3160 ’
