4604 6274
395 573 473 662 DE
503 569 706 666 INDICA
736 565 1160 666 ammonariam
1192 575 1268 672 ET.
1296 471 1818 671 PALEOGRAPH1A³²⁷

472 865 475 872 ⁴
591 824 1479 942 'COROLLA'RIUM

300 1211 332 1295 1.
367 1085 632 1306 Scribam
659 1213 885 1302 orientales
907 1215 1000 1303 Indi
1029 1217 1071 1301 in
1102 1209 1176 1298 ilis
1193 1243 1265 1302 sen
1293 1215 1514 1332 palmarum
1546 1211 1682 1320 loliis,
1707 1244 1814 1336 quae

297 1379 614 1502 Samscrdamicd
663 1399 795 1508 aad}
814 1403 935 1498 patra
967 1386 1032 1472 vel
1078 1405 1381 1522 temperer&
1409 1384 1606 1489 aldlljam
1639 1415 1807 1477 nuncu·

297 1615 474 1707 pantur.
497 1597 594 1684 ‘diae
624 1625 695 1688 seu
731 1593 827 1685 lolia
859 1625 911 1688 ex
939 1600 1073 1718 palma
1115 1619 1260 1684 aum-u
1292 1593 1404 1707 pand
1435 1597 1501 1682 vel
1543 1577 1809 1688 ardanna

297 1765 530 1876 carimpanai
543 1775 651 1858 dicta
666 1773 1006 1870 desummuntur,
1025 1769 1192 1856 cultello
1223 1783 1559 1876 attemperantur,
1575 1767 1813 1882 perpoliun-

298 1911 394 1992 tur,
428 1917 468 1978 et
503 1901 545 1980 in
576 1900 713 1983 medio
755 1893 970 1981 finduntur
1002 1925 1020 1989 ·,
1052 1921 1143 1978 nam
1182 1917 1339 2005 semper
1372 1889 1466 1974 bina
1500 1889 1597 1976 folia
1639 1893 1682 1976 in
1722 1915 1812 1982 uno

299 2020 468 2106 caudice
502 2023 769 2121 coalescunt,
798 2023 853 2105 ita
883 2042 929 2105 ut
954 2017 1054 2103 findi
1083 2015 1288 2116 debeant,
1321 2017 1353 2098 si
1382 2041 1429 2099 ea
1462 2016 1736 2129 complicare,
1756 2039 1811 2104 at·

298 2174 381 2262 que
410 2147 636 2232 litterarum
678 2149 810 2260 apices
837 2148 883 2228 iis
917 2145 1084 2226 iniicere
1121 2142 1239 2226 velis.
1272 2143 1376 2224 Fissa
1403 2163 1583 2253 quatuor
1602 2141 1722 2226 dorsa
1746 2169 1821 2228 em

297 2273 477 2388 lribent,
510 2300 613 2388 qnae
646 2272 813 2386 graphio
839 2297 910 2354 seu
936 2269 1043 2384 stylo
1073 2262 1204 2350 ferreo
1237 2291 1309 2350 aut
1334 2264 1537 2382 chalyben
1570 2290 1809 2368 exarantur,

299 2419 533 2482 remanente
557 2400 600 2482 in
624 2397 760 2480 medio
792 2399 942 2509 exiguo
965 2395 1134 2506 spacio,
1168 2391 1284 2507 quod
1302 2417 1426 2504 parvo
1452 2387 1640 2476 foramini
1667 2393 1808 2476 locum

298 2525 400 2620 dat,
435 2547 480 2608 ut
512 2551 584 2638 per
610 2521 711 2606 illud
740 2517 947 2604 funiculus
983 2519 1107 2603 traiici
1138 2573 1152 2615 ,
1186 2541 1225 2602 et
1259 2515 1413 2602 folia
1401 2519 1577 2601 ruvicem
1622 2489 1815 2603 adstricta

299 2671 339 2732 ct
371 2648 491 2763 ligata
520 2651 734 2734 continere
758 2645 918 2730 valeat.
953 2647 1064 2729 Haec
1094 2639 1193 2730 folia
1225 2644 1425 2757 palmae,
1458 2642 1700 2752 Carimpana
1735 2641 1802 2729 di·
1933 2683 1936 2690 ¹

298 2797 412 2872 crae,
445 2796 681 2888 compactae
710 2797 750 2857 et
782 2773 1035 2857 consistentis
1063 2794 1243 2855 texturae
1274 2792 1399 2869 sunt,
1432 2791 1555 2885 atque
1590 2793 1807 2857 nervorum
1889 2849 1892 2856 .

298 2903 339 2982 vi
366 2901 450 2984 aliis
470 2901 801 3017 quibuscumque
821 2897 1040 3013 palmatum
1069 2893 1173 2982 foliis
1204 2918 1438 3008 praestant.
1469 2897 1582 2982 Dum
1613 2895 1837 3008 scriptura¹

298 3055 370 3138 pet
405 3027 521 3139 plura
547 3028 681 3112 secula
710 3023 968 3124 conservati,
1002 3049 1043 3107 et
1071 3021 1133 3106 ila
1167 3025 1275 3106 inter
1301 3024 1430 3136 patria
1470 3045 1540 3105 aut
1586 3021 1809 3106 domestica

299 3174 569 3236 monumenta
594 3153 783 3238 collocati
821 3149 977 3249 debet,
1010 3145 1073 3230 ila
1105 3150 1307 3262 stagnanti
1336 3171 1377 3234 et
1404 3148 1549 3262 pingui
1582 3171 1710 3261 aquae
1737 3173 1815 3262 per,

302 3305 483 3362 mensem
519 3281 800 3394 immergitur,
834 3305 883 3365 ert
929 3303 1009 3391 qua
1042 3295 1217 3358 extracta
1252 3273 1366 3360 lento
1405 3271 1522 3360 fumo
1561 3275 1811 3386 exponitur,

300 3426 346 3488 nt
376 3405 633 3488 indurescat.
667 3405 763 3489 Vidi
793 3399 911 3504 ilas,
945 3427 1051 3516 quae
1077 3433 1159 3484 ccc.
1190 3427 1320 3485 ann-os
1362 3397 1666 3492 numerabant.
1698 3399 1810 3482 Haec

299 3529 504 3614 scribendi
543 3533 675 3630 tatio,
708 3555 748 3615 et
788 3549 1054 3614 monumenta
1094 3527 1319 3612 asservandi
1362 3528 1511 3612 modus
1543 3525 1814 3640 perantiquus

301 3677 360 3736 est
394 3658 505 3766 apud
540 3657 697 3758 indos,
731 3657 915 3742 meminit
945 3654 1050 3739 illius
1080 3655 1136 3767 Q.
1165 3653 1338 3737 Curtius
1372 3653 1425 3738 de
1454 3651 1576 3736 rebus
1595 3649 1811 3735 Alexandri

301 3781 361 3862 Μ.
388 3781 427 3860 in
463 3783 578 3864 India
606 3786 724 3895 gestis
753 3782 959 3878 scribens,
992 3782 1064 3894 qui
1093 3778 1164 3861 lib.
1188 3782 1258 3878 8.,
1292 3805 1379 3890 cap.
1406 3805 1475 3880 17.
1503 3779 1554 3861 de
1591 3775 1700 3859 lndis
1726 3775 1811 3858 ait:

303 3899 428 3988 Terra
459 3903 538 3986 lin-i
572 3911 759 4012 (tectius
785 3905 990 3989 bambacis
1017 3909 1033 4005 l
1057 3901 1215 4012 ferax:
1243 3903 1333 3986 inde
1365 3901 1565 4012 plerisque
1601 3917 1693 3982 sunt
1736 3925 1812 3980 ve-

301 4047 408 4112 stes.
441 4029 554 4112 Libri
576 4031 765 4115 arborum
805 4029 959 4131 reneri,
991 4027 1100 4111 ltaud
1141 4055 1397 4142 retorquam
1432 4033 1551 4109 Cerae
1582 4026 1812 4107 litterarum

299 4175 411 4238 notar
440 4157 632 4264 rapiunt.
665 4159 716 4240 Et
739 4157 889 4240 Plinius
917 4155 992 4239 lib
1014 4183 1083 4262 13
1101 4152 1512 4252 ,o11.Palmarum
1545 4147 1667 4262 fallis
1697 4207 1709 4249 ,
1740 4151 1807 4232 in·
1867 4253 1871 4260 ν

300 4285 414 4394 quit,
449 4292 466 4386 (
496 4309 581 4365 non
613 4283 863 4381 malvarum,
896 4304 941 4366 ut
972 4279 1182 4364 dementer
1211 4279 1354 4394 legunt
1383 4278 1538 4392 aliqui)
1566 4275 1693 4385 prime
1714 4271 1811 4402 scri

294 4408 521 4514 peitatem:
553 4408 693 4492 deinde
716 4412 979 4523 quarumdam
1010 4405 1196 4490 arborum
1224 4405 1363 4488 libris:
1397 4421 1533 4512 pastea
1549 4401 1709 4512 publica
1727 4425 1810 4482 mo·

298 4551 481 4612 tramenta
503 4533 696 4640 plumbeis
718 4531 1016 4632 voluminibus,
1050 4557 1147 4615 mox
1174 4530 1391 4640 etprt'vata
1410 4527 1543 4610 linteis
1562 4521 1697 4640 confici
1722 4549 1808 4608 tae·

295 4674 396 4762 pta,
427 4674 498 4735 aut
528 4658 653 4742 ceris.
686 4663 759 4744 His
791 4661 906 4744 Plinii
943 4655 1076 4742 verbis
1120 4653 1200 4741 lete
1233 4679 1320 4740 tota
1349 4653 1491 4740 Indica
1521 4647 1811 4766 bibliograpltia

297 4781 552 4880 absolvitur,
584 4787 701 4894 quod
730 4787 862 4872 statim
888 4784 1062 4870 lucidius
1091 4780 1282 4930 patebit,

425 4907 474 4990 ll.
538 4905 675 4994 Altera
704 4913 917 5024 scripturas
959 4909 1183 4995 asservandi
1212 4912 1313 4994 ratio
1348 4930 1430 4996 erat
1461 4933 1556 4993 usus
1586 4903 1809 4990 sindonum

299 5029 626 5118 bambacinarum
663 5091 676 5132 ,
710 5063 878 5148 quarum
915 5039 1102 5120 meminit
1137 5037 1390 5134 Nearclrus,
1423 5033 1641 5120 Alexandri
1673 5031 1733 5112 Μ.
1768 5025 1816 5112 in

297 5157 411 5242 lndia
456 5161 621 5247 navium
661 5159 920 5261 PraefectuS,
954 5165 1028 5278 qui
1063 5164 1116 5249 de
1153 5163 1269 5248 lndis
1297 5162 1493 5248 disserens
1533 5157 1641 5274 apud
1680 5147 1812 5243 strab
