4604 6274
440 440 528 656 iiis?
552 587 620 672 ις.
662 561 756 652 niet
806 545 924 646 ludes
977 557 1160 672 epistolas
1204 557 1250 646 in
1295 544 1523 645 sinisnlins'
1579 552 1744 644 ittliese
1804 555 1951 671 pesele·

470 711 631 789 antes,
678 717 767 776 suen
812 685 889 771 etit
936 706 1076 802 negent
1113 681 1209 769 ultis
1251 711 1313 768 ees
1362 685 1425 770 nti
1467 683 1656 768 litteris.
1689 687 1783 770 Hoc
1835 711 1952 802 nega·

314 837 317 846 ⁴
443 843 502 908 urt
538 816 817 929 Megasthenes
853 869 868 912 ,
913 812 1070 900 Seleuci
1119 805 1321 898 Nicatoris
1364 810 1416 898 ad
1455 811 1643 898 lodicum
1683 837 1818 926 tegern
1860 819 1953 898 San·

442 947 665 1032 drassttnnt
711 941 786 1049 (i.
822 965 858 1023 e,
912 933 1281 1040 Tsclrandsasitta)
1328 938 1546 1054 [egatus.
1597 937 1677 1024 Sed
1714 937 1778 1022 hic
1817 964 1952 1052 regern

442 1073 489 1158 in
520 1071 654 1155 castris
678 1065 912 1164 conuenit,
947 1064 1020 1148 ubi
1051 1062 1182 1148 Indici
1217 1063 1360 1148 milites
1397 1087 1481 1150 non
1516 1067 1707 1177 scripto,
1750 1064 1821 1148 sed
1860 1066 1951 1148 viva
2035 1081 2050 1090 ·’

447 1221 553 1284 uoce
591 1215 632 1280 et
654 1189 888 1278 memoriter
928 1190 1065 1276 omnia
1099 1189 1464 1288 administrabant,
1495 1191 1647 1306 templa
1671 1213 1804 1276 autem
1836 1187 1951 1275 ludi·

444 1349 497 1412 ca
510 1377 529 1424 ,
561 1321 603 1410 iu
638 1317 788 1435 quibus
818 1317 963 1408 Gentis
996 1337 1260 1404 monumenta
1284 1337 1558 1416 asservantur,
1594 1341 1679 1402 non
1706 1317 1858 1402 adivit.
1889 1315 1954 1398 Sa·

450 1475 502 1536 ue
533 1448 824 1562 exquisitorum
867 1441 1005 1526 Indiae
1043 1441 1228 1528 colorum
1264 1443 1343 1548 jam
1377 1444 1556 1527 meminit
1587 1441 1665 1531 lob
1698 1437 1954 1536 Patriarclrae
2024 1495 2027 1504 -

450 1598 586 1688 usque
616 1571 737 1656 uideo
756 1593 843 1654 *cur
868 1569 958 1652 Indi
991 1595 1074 1653 non
1122 1568 1376 1668 scriberent,
1409 1571 1482 1683 qui
1511 1573 1589 1676 jam
1623 1592 1720 1652 tuuc
1751 1569 1955 1680 eleganter

450 1695 706 1816 pingebant.
739 1695 874 1803 Major
916 1720 1071 1806 semper
1099 1689 1177 1777 fuit
1226 1697 1431 1786 necessitas
1475 1697 1596 1784 animi
1637 1697 1698 1782 sui
1732 1721 1845 1776 sensa
1883 1689 1954 1777 ab·

448 1823 633 1914 sentibus
669 1821 870 1934 prodendi
904 1843 944 1902 et
982 1820 1259 1910 annunciaudi
1291 1879 1304 1919 ,
1339 1849 1459 1932 quam
1495 1823 1576 1902 sive
1617 1847 1692 1918 se,
1719 1822 1807 1902 sive
1853 1818 1950 1908 alios

449 1950 557 2062 picta
584 1945 723 2036 ¹tabula
753 1967 820 2034 aut
852 1945 980 2036 linteo
999 1945 1272 2034 ostendendi.
1305 1945 1472 2042 Partiri,
1507 1945 1615 2029 Indis
1639 1925 1838 2060 proximi,
1855 1964 1954 2028 teste

452 2073 584 2160 Plinio
614 2069 1138 2183 lisr.nas.1ib.13.,cap.
1165 2095 1233 2158 rr.
1276 2070 1450 2152 Vestibus
1490 2069 1646 2162 litteras
1694 2069 1956 2166 intexebant,

453 2222 494 2284 et
524 2193 727 2315 numquid
756 2195 843 2286 heic
874 2193 1109 2283 barbatulus
1140 2195 1337 2312 quispiam
1369 2222 1514 2290 censor
1546 2217 1754 2310 assurget,
1786 2201 1860 2316 qui
1891 2183 1980 2282 lu·¹

452 2323 529 2412 dos
559 2321 710 2410 litteras
737 2321 877 2406 colore
905 2343 946 2408 et
968 2319 1160 2434 penicillo
1185 2324 1409 2434 exprimere
1439 2325 1596 2406 novisse
1630 2329 1788 2436 neget?

576 2449 648 2536 ΙΙΙ.
711 2444 963 2536 Sindonibus
993 2473 1216 2538 successere
1250 2447 1336 2536 vela
1370 2449 1526 2544 serica3
1561 2469 1600 2534 et
1626 2448 1704 2530 tale
1744 2469 1801 2530 est
1828 2445 1958 2558 diplo-

455 2599 520 2665 rna
547 2569 956 2660 aza-ta-rss-ttota
986 2575 1047 2661 Μ.
1079 2570 1268 2661 Tibetani
1299 2573 1472 2672 Lamae,
1505 2571 1620 2688 quod
1653 2574 1718 2655 ille
1746 2574 1817 2654 PP.
1839 2574 1954 2685 Cap-

451 2699 636 2814 puecinis
661 2701 703 2784 in
731 2695 879 2789 Tibeto
917 2697 1032 2786 verbi
1060 2699 1140 2781 Dei
1176 2698 1448 2811 praeconibus
1493 2725 1602 2786 anno
1636 2697 1786 2788 Christi
1826 2726 1957 2807 ¹724·

455 2821 693 2923 tradiderat,
723 2841 765 2908 er
803 2823 919 2936 quod
957 2850 1035 2944 ego
1066 2849 1175 2907 anno
1219 2819 1348 2932 1797.
1378 2826 1419 2914 in
1464 2820 1711 2910 bibliotheca
1744 2825 1958 2938 &Congu

453 2951 506 3041 de
530 2947 793 3066 Propaganda
821 2947 916 3040 Fide
953 2951 1049 3042 m'eis
1084 2949 1214 3038 oculis
1253 2975 1581 3064 conspexeram.
1615 2950 1711 3036 Tale
1745 2952 1860 3034 etiarn
1898 2971 1958 3038 est

456 3075 637 3189 diploma
669 3067 1064 3174 sistes-Tarentum,
1087 3077 1205 3193 quod
1227 3101 1338 3160 anno
1374 3079 1505 3180 1798.
1530 3077 1572 3158 in
1595 3073 1840 3160 bibliotheca
1853 3075 1959 3160 Cae·

452 3226 560 3286 sarea
592 3198 917 3304 vindobonensi,
936 3225 1140 3292 aunuente
1169 3201 1374 3319 praeclaro
1399 3204 1488 3290 viro
1510 3201 1706 3292 Michaele
1730 3203 1881 3302 Denis,
1901 3201 1957 3285 bi·

452 3325 679 3412 bliorhecae
709 3323 937 3430 Praefecto,
970 3329 1078 3421 vidi.

580 3455 674 3538 Huc
707 3453 881 3563 pertinet
913 3457 1083 3541 linteum
1110 3455 1275 3544 Sacrum
1307 3452 1553 3542 Tibetanuru
1595 3457 1729 3540 Musei
1768 3453 1958 3567 Borgiani

454 3573 583 3660 literis
613 3573 813 3664 Tibetanis
838 3581 1026 3694 insigne,
1054 3580 1171 3694 quod
1198 3579 1358 3698 cyclum
1389 3580 1653 3666 humanarum
1698 3581 1957 3692 transmigra·

456 3705 646 3800 tionum,
675 3723 720 3784 et
759 3707 961 3790 cruciatus
988 3731 1033 3787 ac
1075 3730 1226 3818 poenas
1262 3728 1523 3820 peccatorum
1556 3705 1741 3806 exhibet,
1773 3726 1814 3790 et
1843 3704 1960 3820 quod

455 3851 530 3914 nos
557 3827 824 3941 produximus
853 3831 894 3916 in
919 3839 1130 3944 Syrteennte
1147 3829 1404 3914 Benlrmanics
1436 3834 1486 3916 ad
1515 3859 1718 3948 pag.177.
1749 3830 1955 3928 tabxxrrr,

454 3979 478 4038 a
506 3955 664 4040 Pictore
692 3951 893 4042 Tibetano
924 3957 1238 4042 lon-sisinium
1269 3985 1321 4041 ex
1362 3957 1581 4075 archetypo
1623 3985 1735 4043 sacro
1776 3960 1818 4040 in
1848 3955 1958 4041 Lirn-

449 4101 606 4194 ptango
631 4077 842 4168 Lbassensi
874 4107 1071 4172 asservato
1111 4082 1321 4172 coloribus
1350 4111 1583 4198 expressum
1624 4079 1680 4188 (l‘)
1712 4141 1724 4166 .
1759 4081 1959 4198 Quinimo

453 4229 671 4290 asservatur
696 4207 739 4289 in
764 4208 911 4296 eodem
941 4211 1088 4298 Museo
1115 4209 1157 4296 in
1188 4207 1281 4294 velo
1298 4211 1426 4296 serico
1451 4211 1538 4323 flavi
1574 4209 1723 4300 coloris
1738 4211 1857 4320 Regis
1873 4203 1958 4292 Mi·

456 4331 565 4448 Vang
593 4330 897 4450 diplorna,quo
922 4331 1134 4424 confirmat
1156 4333 1366 4448 privilegia
1382 4335 1454 4415 1³1³.
1473 4333 1746 4446 Cappuccinis
1764 4333 1841 4438 jam
1858 4357 1961 4416 con·

453 4457 587 4556 coma,
619 4479 834 4574 ratumque
865 4457 985 4546 habet
1009 4460 1187 4572 diploma
1211 4457 1384 4568 Lhanrae
1413 4461 1612 4556 Maximi,
1641 4486 1663 4542 a
1693 4456 1812 4542 nobis
1840 4481 1960 4569 supra

452 4578 692 4670 laudatum.
724 4586 858 4672 Taceo
895 4587 983 4674 heic
1013 4585 1064 4674 de
1097 4585 1208 4676 libris
1238 4585 1385 4676 Iudicis
1412 4609 1441 4686 ¹a
1477 4579 1832 4683 sensae-ruunt,
1863 4579 1958 4666 reli·

555 4826 614 4930 (*)
662 4826 828 4906 Alterum
861 4829 1012 4906 linteum
1040 4831 1279 4917 Tibetauum,
1311 4828 1373 4904 sed
1405 4825 1539 4903 litteris
1558 4829 1861 4924 destitutum,ex
1879 4835 1956 4907 Mu-

452 4951 514 5001 seo
540 4929 723 5028 Borgiano
750 4933 939 5008 exhibetur
962 4933 1024 5032 fig.
1042 4955 1072 5007 r·
1093 4933 1131 5007 in
1162 4931 1431 5010 Dissertatiooe
1464 4933 1751 5010 Academica-tre
1791 4931 1958 5009 Perediso

451 5025 628 5122 inditas,
657 5033 821 5111 Praeside
854 5035 935 5110 viro
963 5034 1178 5112 doctissimo
1205 5037 1251 5106 D.
1269 5034 1402 5107 Matrh·
1436 5036 1633 5136 Norberg,
1661 5053 1699 5110 et
1730 5037 1962 5136 Responden-

452 5143 488 5206 te
513 5135 595 5218 ioh·
623 5137 719 5252 Saur-
741 5137 968 5242 Hoirerberg
995 5137 1152 5216 tonaret
1175 5132 1369 5218 uostsssn
1403 5163 1437 5220 a·
1467 5159 1575 5240 1797·
1603 5139 1643 5218 in
1670 5142 1788 5218 luceru
1809 5143 1937 5217 edita.
2070 5189 2075 5204 ·
