<?xml version="1.0" encoding="UTF-8"?>
<!DOCTYPE html PUBLIC "-//W3C//DTD XHTML 1.0 Transitional//EN"
    "http://www.w3.org/TR/xhtml1/DTD/xhtml1-transitional.dtd">
<html xmlns="http://www.w3.org/1999/xhtml" xml:lang="en" lang="en">
 <head>
  <title>
</title>
<meta http-equiv="Content-Type" content="text/html;charset=utf-8" />
  <meta name='ocr-system' content='tesseract 3.04.00' />
  <meta name='ocr-capabilities' content='ocr_page ocr_carea ocr_par ocr_line ocrx_word'/>
</head>
<body>
  <div class='ocr_page' id='page_1' title='image "./vycaranaseulocu00bartgoog_0162.png"; bbox 0 0 4552 6266; ppageno 0'>
   <div class='ocr_carea' id='block_1_1' title="bbox 795 503 1775 704">
    <p class='ocr_par' dir='ltr' id='par_1_1' title="bbox 795 503 1775 704">
     <span class='ocr_line' id='line_1_1' title="bbox 795 503 1775 704; baseline -0.017 0"><span class='ocrx_word' id='word_1_1' title='bbox 795 587 1388 704; x_wconf 60' lang='lat' dir='ltr'>SECTltlv;··‘·*</span> <span class='ocrx_word' id='word_1_2' title='bbox 1473 606 1484 640; x_wconf 86' lang='lat'>··</span> <span class='ocrx_word' id='word_1_3' title='bbox 1561 625 1568 635; x_wconf 96' lang='lat'>·</span> <span class='ocrx_word' id='word_1_4' title='bbox 1637 503 1775 642; x_wconf 48' lang='grc' dir='ltr'><em>Ψ</em></span> 
     </span>
    </p>
   </div>
   <div class='ocr_carea' id='block_1_2' title="bbox 570 857 1453 983">
    <p class='ocr_par' dir='ltr' id='par_1_2' title="bbox 570 857 1453 983">
     <span class='ocr_line' id='line_1_2' title="bbox 570 857 1453 983; baseline -0.015 -27"><span class='ocrx_word' id='word_1_5' title='bbox 570 882 573 888; x_wconf 88' lang='grc'><strong>’</strong></span> <span class='ocrx_word' id='word_1_6' title='bbox 627 863 689 955; x_wconf 69' lang='lat' dir='ltr'>De</span> <span class='ocrx_word' id='word_1_7' title='bbox 718 875 759 954; x_wconf 84' lang='lat' dir='ltr'>V.</span> <span class='ocrx_word' id='word_1_8' title='bbox 788 875 922 969; x_wconf 79' lang='lat' dir='ltr'>Casu,</span> <span class='ocrx_word' id='word_1_9' title='bbox 947 875 1012 949; x_wconf 71' lang='lat' dir='ltr'>dtu</span> <span class='ocrx_word' id='word_1_10' title='bbox 1041 857 1233 950; x_wconf 69' lang='lat' dir='ltr'>ablativo</span> <span class='ocrx_word' id='word_1_11' title='bbox 1258 861 1453 983; x_wconf 67' lang='lat' dir='ltr'>retunde,</span> 
     </span>
    </p>
   </div>
   <div class='ocr_carea' id='block_1_3' title="bbox 207 1107 1976 5234">
    <p class='ocr_par' dir='ltr' id='par_1_3' title="bbox 278 1107 1785 1492">
     <span class='ocr_line' id='line_1_3' title="bbox 406 1107 1785 1236; baseline -0.004 -28"><span class='ocrx_word' id='word_1_12' title='bbox 406 1127 485 1208; x_wconf 86' lang='lat' dir='ltr'>Hic</span> <span class='ocrx_word' id='word_1_13' title='bbox 515 1109 709 1206; x_wconf 85' lang='lat' dir='ltr'>ablativus</span> <span class='ocrx_word' id='word_1_14' title='bbox 743 1119 962 1232; x_wconf 79' lang='lat' dir='ltr'>respondet</span> <span class='ocrx_word' id='word_1_15' title='bbox 1000 1135 1140 1199; x_wconf 89' lang='lat' dir='ltr'>nostro</span> <span class='ocrx_word' id='word_1_16' title='bbox 1176 1107 1585 1212; x_wconf 45' lang='lat' dir='ltr'>libidinosum,</span> <span class='ocrx_word' id='word_1_17' title='bbox 1617 1129 1671 1236; x_wconf 63' lang='lat' dir='ltr'>a,</span> <span class='ocrx_word' id='word_1_18' title='bbox 1699 1119 1785 1220; x_wconf 70' lang='lat' dir='ltr'>dt,-</span> 
     </span>
     <span class='ocr_line' id='line_1_4' title="bbox 281 1233 1772 1357; baseline -0.007 -20"><span class='ocrx_word' id='word_1_19' title='bbox 281 1240 390 1354; x_wconf 82' lang='lat' dir='ltr'>sine,</span> <span class='ocrx_word' id='word_1_20' title='bbox 422 1275 475 1334; x_wconf 80' lang='lat' dir='ltr'>ex</span> <span class='ocrx_word' id='word_1_21' title='bbox 506 1247 576 1330; x_wconf 83' lang='lat' dir='ltr'>bac</span> <span class='ocrx_word' id='word_1_22' title='bbox 609 1265 743 1355; x_wconf 85' lang='lat' dir='ltr'>parte,</span> <span class='ocrx_word' id='word_1_23' title='bbox 781 1271 831 1328; x_wconf 83' lang='lat' dir='ltr'>tx</span> <span class='ocrx_word' id='word_1_24' title='bbox 855 1243 918 1328; x_wconf 91' lang='lat' dir='ltr'>illa</span> <span class='ocrx_word' id='word_1_25' title='bbox 941 1261 1081 1357; x_wconf 83' lang='lat' dir='ltr'>parte,</span> <span class='ocrx_word' id='word_1_26' title='bbox 1111 1254 1236 1346; x_wconf 76' lang='lat' dir='ltr'>prae,</span> <span class='ocrx_word' id='word_1_27' title='bbox 1261 1251 1412 1348; x_wconf 79' lang='lat' dir='ltr'>prope,</span> <span class='ocrx_word' id='word_1_28' title='bbox 1444 1237 1588 1352; x_wconf 79' lang='lat' dir='ltr'>longe,</span> <span class='ocrx_word' id='word_1_29' title='bbox 1619 1233 1772 1356; x_wconf 62' lang='lat' dir='ltr'>nsque,</span> 
     </span>
     <span class='ocr_line' id='line_1_5' title="bbox 278 1373 1698 1492; baseline -0.004 -32"><span class='ocrx_word' id='word_1_30' title='bbox 278 1376 446 1492; x_wconf 65' lang='lat' dir='ltr'>§lngule</span> <span class='ocrx_word' id='word_1_31' title='bbox 476 1373 748 1456; x_wconf 78' lang='lat' dir='ltr'>illustremus.</span> <span class='ocrx_word' id='word_1_32' title='bbox 785 1447 789 1454; x_wconf 78' lang='grc'><strong><em>,</em></strong></span> <span class='ocrx_word' id='word_1_33' title='bbox 1373 1467 1376 1472; x_wconf 40' lang='grc'>,</span> <span class='ocrx_word' id='word_1_34' title='bbox 1409 1469 1414 1478; x_wconf 28' lang='lat'><strong>¹</strong></span> <span class='ocrx_word' id='word_1_35' title='bbox 1693 1383 1698 1394; x_wconf 64' lang='lat'>‘</span> 
     </span>
    </p>

    <p class='ocr_par' dir='ltr' id='par_1_4' title="bbox 280 1489 1781 1730">
     <span class='ocr_line' id='line_1_6' title="bbox 406 1489 1781 1606; baseline 0 -26"><span class='ocrx_word' id='word_1_36' title='bbox 406 1502 437 1580; x_wconf 92' lang='lat' dir='ltr'>l.</span> <span class='ocrx_word' id='word_1_37' title='bbox 501 1497 833 1606; x_wconf 72' lang='lat' dir='ltr'>&#39;toties-quoties</span> <span class='ocrx_word' id='word_1_38' title='bbox 858 1495 898 1576; x_wconf 92' lang='lat' dir='ltr'>in</span> <span class='ocrx_word' id='word_1_39' title='bbox 935 1491 1381 1599; x_wconf 69' lang='lat' dir='ltr'>latina—constructione</span> <span class='ocrx_word' id='word_1_40' title='bbox 1399 1491 1577 1574; x_wconf 88' lang='lat' dir='ltr'>occurrit</span> <span class='ocrx_word' id='word_1_41' title='bbox 1610 1489 1691 1592; x_wconf 76' lang='lat' dir='ltr'>ab,</span> <span class='ocrx_word' id='word_1_42' title='bbox 1721 1525 1781 1598; x_wconf 78' lang='lat' dir='ltr'>a,</span> 
     </span>
     <span class='ocr_line' id='line_1_7' title="bbox 280 1611 1776 1730; baseline -0.003 -22"><span class='ocrx_word' id='word_1_43' title='bbox 280 1651 354 1723; x_wconf 84' lang='lat' dir='ltr'>ex,</span> <span class='ocrx_word' id='word_1_44' title='bbox 386 1625 460 1720; x_wconf 83' lang='lat' dir='ltr'>de,</span> <span class='ocrx_word' id='word_1_45' title='bbox 493 1621 557 1703; x_wconf 82' lang='lat' dir='ltr'>llic</span> <span class='ocrx_word' id='word_1_46' title='bbox 586 1618 785 1702; x_wconf 67' lang='lat' dir='ltr'>ablativos</span> <span class='ocrx_word' id='word_1_47' title='bbox 810 1639 868 1702; x_wconf 89' lang='lat' dir='ltr'>est</span> <span class='ocrx_word' id='word_1_48' title='bbox 903 1616 1183 1728; x_wconf 81' lang='lat' dir='ltr'>usurpandus,</span> <span class='ocrx_word' id='word_1_49' title='bbox 1216 1639 1307 1730; x_wconf 60' lang='lat' dir='ltr'>seg.</span> <span class='ocrx_word' id='word_1_50' title='bbox 1338 1611 1542 1730; x_wconf 67' lang='lat' dir='ltr'>Grdmoida‘</span> <span class='ocrx_word' id='word_1_51' title='bbox 1555 1619 1776 1727; x_wconf 71' lang='lat' dir='ltr'>gotscbaat‘,</span> 
     </span>
    </p>

    <p class='ocr_par' dir='ltr' id='par_1_5' title="bbox 207 1729 1976 3452">
     <span class='ocr_line' id='line_1_8' title="bbox 207 1729 1777 1864; baseline -0.005 -32"><span class='ocrx_word' id='word_1_52' title='bbox 207 1747 215 1792; x_wconf 78' lang='lat'><strong>¹</strong></span> <span class='ocrx_word' id='word_1_53' title='bbox 281 1753 340 1848; x_wconf 86' lang='lat' dir='ltr'>it,</span> <span class='ocrx_word' id='word_1_54' title='bbox 373 1748 534 1860; x_wconf 87' lang='lat' dir='ltr'>pergit,</span> <span class='ocrx_word' id='word_1_55' title='bbox 552 1743 746 1826; x_wconf 84' lang='lat' dir='ltr'>&#39;vetritde</span> <span class='ocrx_word' id='word_1_56' title='bbox 775 1743 978 1826; x_wconf 87' lang='lat' dir='ltr'>territorio</span> <span class='ocrx_word' id='word_1_57' title='bbox 1002 1767 1071 1824; x_wconf 84' lang='lat' dir='ltr'>seu</span> <span class='ocrx_word' id='word_1_58' title='bbox 1098 1763 1207 1852; x_wconf 85' lang='lat' dir='ltr'>pago</span> <span class='ocrx_word' id='word_1_59' title='bbox 1232 1739 1532 1824; x_wconf 83' lang='lat' dir='ltr'>Brabrnanunr.</span> <span class='ocrx_word' id='word_1_60' title='bbox 1565 1729 1777 1864; x_wconf 68' lang='lat' dir='ltr'>,erubuere</span> 
     </span>
     <span class='ocr_line' id='line_1_9' title="bbox 280 1864 1778 1970; baseline -0.001 -14"><span class='ocrx_word' id='word_1_61' title='bbox 280 1870 468 1956; x_wconf 69' lang='lat' dir='ltr'>veterati</span> <span class='ocrx_word' id='word_1_62' title='bbox 478 1927 490 1970; x_wconf 92' lang='lat'>,</span> <span class='ocrx_word' id='word_1_63' title='bbox 524 1895 597 1952; x_wconf 86' lang='lat' dir='ltr'>seu</span> <span class='ocrx_word' id='word_1_64' title='bbox 636 1872 721 1952; x_wconf 87' lang='lat' dir='ltr'>sine</span> <span class='ocrx_word' id='word_1_65' title='bbox 760 1867 948 1968; x_wconf 84' lang='lat' dir='ltr'>elisione,</span> <span class='ocrx_word' id='word_1_66' title='bbox 981 1864 1413 1951; x_wconf 71' lang='lat' dir='ltr'>ulnblrraavmrari</span> <span class='ocrx_word' id='word_1_67' title='bbox 1450 1885 1691 1964; x_wconf 64' lang='lat' dir='ltr'>emmonte&#39;,</span> <span class='ocrx_word' id='word_1_68' title='bbox 1724 1870 1778 1954; x_wconf 89' lang='lat' dir='ltr'>de</span> 
     </span>
     <span class='ocr_line' id='line_1_10' title="bbox 281 1988 1778 2110; baseline -0.003 -28"><span class='ocrx_word' id='word_1_69' title='bbox 281 2021 419 2082; x_wconf 91' lang='lat' dir='ltr'>monte</span> <span class='ocrx_word' id='word_1_70' title='bbox 454 1995 661 2078; x_wconf 82' lang='lat' dir='ltr'>descendit</span> <span class='ocrx_word' id='word_1_71' title='bbox 695 1991 924 2078; x_wconf 60' lang='lat' dir='ltr'>:Tsclrdrdl</span> <span class='ocrx_word' id='word_1_72' title='bbox 959 1990 1092 2076; x_wconf 72' lang='lat' dir='ltr'>baraca*</span> <span class='ocrx_word' id='word_1_73' title='bbox 1109 2050 1122 2090; x_wconf 96' lang='lat'>,</span> <span class='ocrx_word' id='word_1_74' title='bbox 1155 2017 1224 2074; x_wconf 84' lang='lat' dir='ltr'>seu</span> <span class='ocrx_word' id='word_1_75' title='bbox 1271 2015 1364 2074; x_wconf 85' lang='lat' dir='ltr'>cum</span> <span class='ocrx_word' id='word_1_76' title='bbox 1395 1988 1561 2074; x_wconf 87' lang='lat' dir='ltr'>elisione</span> <span class='ocrx_word' id='word_1_77' title='bbox 1590 2015 1633 2074; x_wconf 86' lang='lat' dir='ltr'>et</span> <span class='ocrx_word' id='word_1_78' title='bbox 1659 1992 1778 2110; x_wconf 82' lang='lat' dir='ltr'>liqui-</span> 
     </span>
     <span class='ocr_line' id='line_1_11' title="bbox 281 2109 1592 2233; baseline -0.008 -25"><span class='ocrx_word' id='word_1_79' title='bbox 281 2123 443 2208; x_wconf 87' lang='lat' dir='ltr'>datione</span> <span class='ocrx_word' id='word_1_80' title='bbox 479 2119 530 2204; x_wconf 80' lang='lat' dir='ltr'>de</span> <span class='ocrx_word' id='word_1_81' title='bbox 564 2145 644 2233; x_wconf 83' lang='lat' dir='ltr'>quo</span> <span class='ocrx_word' id='word_1_82' title='bbox 672 2143 836 2230; x_wconf 86' lang='lat' dir='ltr'>postea,</span> <span class='ocrx_word' id='word_1_83' title='bbox 871 2113 1274 2202; x_wconf 73' lang='lat' dir='ltr'>Tsclriraddlnrntia</span> <span class='ocrx_word' id='word_1_84' title='bbox 1306 2113 1391 2199; x_wconf 86' lang='lat' dir='ltr'>lure</span> <span class='ocrx_word' id='word_1_85' title='bbox 1425 2109 1592 2198; x_wconf 71' lang='lat' dir='ltr'>auffert.</span> 
     </span>
     <span class='ocr_line' id='line_1_12' title="bbox 289 2239 1895 2354; baseline 0.001 -26"><span class='ocrx_word' id='word_1_86' title='bbox 289 2271 293 2282; x_wconf 91' lang='lat'><em>·</em></span> <span class='ocrx_word' id='word_1_87' title='bbox 407 2248 456 2330; x_wconf 87' lang='lat' dir='ltr'>ll.</span> <span class='ocrx_word' id='word_1_88' title='bbox 521 2244 655 2326; x_wconf 82' lang='lat' dir='ltr'>Verba</span> <span class='ocrx_word' id='word_1_89' title='bbox 678 2243 909 2354; x_wconf 82' lang='lat' dir='ltr'>giugupratt&#39;</span> <span class='ocrx_word' id='word_1_90' title='bbox 943 2259 1011 2326; x_wconf 84' lang='lat' dir='ltr'>seu</span> <span class='ocrx_word' id='word_1_91' title='bbox 1042 2239 1300 2352; x_wconf 71' lang='lat' dir='ltr'>eijugupsalr‘,</span> <span class='ocrx_word' id='word_1_92' title='bbox 1333 2239 1557 2340; x_wconf 76' lang='lat' dir='ltr'>viramari,</span> <span class='ocrx_word' id='word_1_93' title='bbox 1588 2243 1775 2352; x_wconf 59' lang='lat' dir='ltr'>promidi</span> <span class='ocrx_word' id='word_1_94' title='bbox 1892 2321 1895 2336; x_wconf 90' lang='grc'>,</span> 
     </span>
     <span class='ocr_line' id='line_1_13' title="bbox 271 2363 1772 2490; baseline 0.001 -37"><span class='ocrx_word' id='word_1_95' title='bbox 271 2373 386 2490; x_wconf 71' lang='lat' dir='ltr'>pati,</span> <span class='ocrx_word' id='word_1_96' title='bbox 421 2394 461 2452; x_wconf 88' lang='lat' dir='ltr'>et</span> <span class='ocrx_word' id='word_1_97' title='bbox 491 2370 563 2452; x_wconf 87' lang='lat' dir='ltr'>alia</span> <span class='ocrx_word' id='word_1_98' title='bbox 590 2395 693 2480; x_wconf 85' lang='lat' dir='ltr'>quae</span> <span class='ocrx_word' id='word_1_99' title='bbox 726 2369 975 2464; x_wconf 83' lang='lat' dir='ltr'>discessum,</span> <span class='ocrx_word' id='word_1_100' title='bbox 1009 2367 1070 2450; x_wconf 87' lang='lat' dir='ltr'>vel</span> <span class='ocrx_word' id='word_1_101' title='bbox 1103 2387 1291 2465; x_wconf 88' lang='lat' dir='ltr'>motum,</span> <span class='ocrx_word' id='word_1_102' title='bbox 1325 2389 1393 2448; x_wconf 90' lang='lat' dir='ltr'>aut</span> <span class='ocrx_word' id='word_1_103' title='bbox 1419 2363 1658 2472; x_wconf 86' lang='lat' dir='ltr'>horrorem,</span> <span class='ocrx_word' id='word_1_104' title='bbox 1686 2395 1772 2485; x_wconf 91' lang='lat' dir='ltr'>quo</span> 
     </span>
     <span class='ocr_line' id='line_1_14' title="bbox 279 2487 1774 2612; baseline -0.001 -34"><span class='ocrx_word' id='word_1_105' title='bbox 279 2501 370 2612; x_wconf 87' lang='lat' dir='ltr'>q&#39;uis</span> <span class='ocrx_word' id='word_1_106' title='bbox 392 2521 433 2576; x_wconf 89' lang='lat' dir='ltr'>se</span> <span class='ocrx_word' id='word_1_107' title='bbox 465 2496 519 2575; x_wconf 85' lang='lat' dir='ltr'>ab</span> <span class='ocrx_word' id='word_1_108' title='bbox 546 2495 675 2605; x_wconf 84' lang='lat' dir='ltr'>aliqua</span> <span class='ocrx_word' id='word_1_109' title='bbox 700 2517 740 2574; x_wconf 92' lang='lat' dir='ltr'>re</span> <span class='ocrx_word' id='word_1_110' title='bbox 764 2517 947 2588; x_wconf 79' lang='lat' dir='ltr'>amovet,</span> <span class='ocrx_word' id='word_1_111' title='bbox 981 2487 1234 2602; x_wconf 82' lang='lat' dir='ltr'>significant,</span> <span class='ocrx_word' id='word_1_112' title='bbox 1265 2489 1376 2573; x_wconf 91' lang='lat' dir='ltr'>bunc</span> <span class='ocrx_word' id='word_1_113' title='bbox 1401 2489 1607 2606; x_wconf 81' lang='lat' dir='ltr'>postulent</span> <span class='ocrx_word' id='word_1_114' title='bbox 1637 2493 1774 2578; x_wconf 88' lang='lat' dir='ltr'>ablati·</span> 
     </span>
     <span class='ocr_line' id='line_1_15' title="bbox 279 2613 1781 2732; baseline 0.001 -30"><span class='ocrx_word' id='word_1_115' title='bbox 279 2647 410 2712; x_wconf 90' lang='lat' dir='ltr'>vum,</span> <span class='ocrx_word' id='word_1_116' title='bbox 444 2639 487 2700; x_wconf 90' lang='lat' dir='ltr'>ut</span> <span class='ocrx_word' id='word_1_117' title='bbox 516 2619 555 2697; x_wconf 93' lang='lat' dir='ltr'>in</span> <span class='ocrx_word' id='word_1_118' title='bbox 585 2619 756 2716; x_wconf 86' lang='lat' dir='ltr'>Latinis,</span> <span class='ocrx_word' id='word_1_119' title='bbox 790 2643 829 2698; x_wconf 85' lang='lat' dir='ltr'>v.</span> <span class='ocrx_word' id='word_1_120' title='bbox 850 2645 888 2729; x_wconf 87' lang='lat' dir='ltr'>g.</span> <span class='ocrx_word' id='word_1_121' title='bbox 917 2613 1397 2727; x_wconf 73' lang='lat' dir='ltr'>adbarmtilgingupsati,</span> <span class='ocrx_word' id='word_1_122' title='bbox 1430 2639 1589 2700; x_wconf 86' lang='lat' dir='ltr'>amovet</span> <span class='ocrx_word' id='word_1_123' title='bbox 1612 2645 1681 2719; x_wconf 89' lang='lat' dir='ltr'>se,</span> <span class='ocrx_word' id='word_1_124' title='bbox 1702 2620 1781 2732; x_wconf 60' lang='lat' dir='ltr'>abf&#39;</span> 
     </span>
     <span class='ocr_line' id='line_1_16' title="bbox 280 2739 1772 2854; baseline 0.001 -27"><span class='ocrx_word' id='word_1_125' title='bbox 280 2745 416 2827; x_wconf 87' lang='lat' dir='ltr'>horret</span> <span class='ocrx_word' id='word_1_126' title='bbox 446 2741 495 2822; x_wconf 87' lang='lat' dir='ltr'>ab</span> <span class='ocrx_word' id='word_1_127' title='bbox 517 2741 743 2845; x_wconf 75' lang='lat' dir='ltr'>injustitia,</span> <span class='ocrx_word' id='word_1_128' title='bbox 778 2767 799 2822; x_wconf 86' lang='lat' dir='ltr'>a</span> <span class='ocrx_word' id='word_1_129' title='bbox 836 2742 974 2825; x_wconf 83' lang='lat' dir='ltr'>malo.</span> <span class='ocrx_word' id='word_1_130' title='bbox 1008 2739 1210 2825; x_wconf 71' lang='lat' dir='ltr'>Adlatras</span> <span class='ocrx_word' id='word_1_131' title='bbox 1234 2741 1413 2840; x_wconf 85' lang='lat' dir='ltr'>malum,</span> <span class='ocrx_word' id='word_1_132' title='bbox 1445 2765 1680 2854; x_wconf 82' lang='lat' dir='ltr'>peccatum,</span> <span class='ocrx_word' id='word_1_133' title='bbox 1716 2749 1772 2828; x_wconf 86' lang='lat' dir='ltr'>in·</span> 
     </span>
     <span class='ocr_line' id='line_1_17' title="bbox 277 2857 1773 2976; baseline 0.003 -28"><span class='ocrx_word' id='word_1_134' title='bbox 277 2869 428 2974; x_wconf 87' lang='lat' dir='ltr'>justitia</span> <span class='ocrx_word' id='word_1_135' title='bbox 450 2923 460 2944; x_wconf 91' lang='lat'><strong>.</strong></span> <span class='ocrx_word' id='word_1_136' title='bbox 494 2857 607 2946; x_wconf 79' lang='lat' dir='ltr'>Cum¹</span> <span class='ocrx_word' id='word_1_137' title='bbox 624 2866 891 2976; x_wconf 87' lang='lat' dir='ltr'>liquidatione</span> <span class='ocrx_word' id='word_1_138' title='bbox 916 2869 1132 2948; x_wconf 87' lang='lat' dir='ltr'>litterarum</span> <span class='ocrx_word' id='word_1_139' title='bbox 1162 2867 1303 2950; x_wconf 88' lang='lat' dir='ltr'>melius</span> <span class='ocrx_word' id='word_1_140' title='bbox 1323 2864 1503 2966; x_wconf 85' lang='lat' dir='ltr'>scribes,</span> <span class='ocrx_word' id='word_1_141' title='bbox 1522 2867 1773 2972; x_wconf 72' lang='lat' dir='ltr'>adlatrandi-</span> 
     </span>
     <span class='ocr_line' id='line_1_18' title="bbox 263 2977 1859 3106; baseline 0.006 -35"><span class='ocrx_word' id='word_1_142' title='bbox 263 2977 534 3102; x_wconf 73' lang='lat' dir='ltr'>·gingnpruti.</span> <span class='ocrx_word' id='word_1_143' title='bbox 568 2991 624 3071; x_wconf 89' lang='lat' dir='ltr'>lta</span> <span class='ocrx_word' id='word_1_144' title='bbox 655 2991 828 3099; x_wconf 86' lang='lat' dir='ltr'>pariter,</span> <span class='ocrx_word' id='word_1_145' title='bbox 861 2989 1252 3106; x_wconf 70' lang='lat' dir='ltr'>asatyeidviramaei,</span> <span class='ocrx_word' id='word_1_146' title='bbox 1287 2990 1473 3075; x_wconf 86' lang='lat' dir='ltr'>abhorret</span> <span class='ocrx_word' id='word_1_147' title='bbox 1504 3017 1531 3075; x_wconf 78' lang='lat' dir='ltr'>a·</span> <span class='ocrx_word' id='word_1_148' title='bbox 1550 2989 1672 3104; x_wconf 77' lang='lat' dir='ltr'>falso,</span> <span class='ocrx_word' id='word_1_149' title='bbox 1706 2998 1773 3079; x_wconf 86' lang='lat' dir='ltr'>de·</span> <span class='ocrx_word' id='word_1_150' title='bbox 1846 2980 1859 3005; x_wconf 65' lang='lat'>⁸</span> 
     </span>
     <span class='ocr_line' id='line_1_19' title="bbox 281 3103 1976 3238; baseline 0.005 -40"><span class='ocrx_word' id='word_1_151' title='bbox 281 3137 446 3200; x_wconf 81' lang='lat' dir='ltr'>testatur</span> <span class='ocrx_word' id='word_1_152' title='bbox 475 3111 710 3198; x_wconf 74' lang='lat' dir='ltr'>falsitatem.</span> <span class='ocrx_word' id='word_1_153' title='bbox 742 3123 860 3230; x_wconf 80' lang='lat' dir='ltr'>Satya</span> <span class='ocrx_word' id='word_1_154' title='bbox 885 3119 1025 3200; x_wconf 85' lang='lat' dir='ltr'>vetitas</span> <span class='ocrx_word' id='word_1_155' title='bbox 1049 3173 1062 3212; x_wconf 91' lang='lat'>,</span> <span class='ocrx_word' id='word_1_156' title='bbox 1089 3117 1266 3222; x_wconf 83' lang='lat' dir='ltr'>justitia,</span> <span class='ocrx_word' id='word_1_157' title='bbox 1294 3119 1601 3222; x_wconf 78' lang='lat' dir='ltr'>juramentum,</span> <span class='ocrx_word' id='word_1_158' title='bbox 1633 3139 1771 3238; x_wconf 78' lang='lat' dir='ltr'>aratya</span> <span class='ocrx_word' id='word_1_159' title='bbox 1969 3103 1976 3116; x_wconf 43' lang='lat'>⁸</span> 
     </span>
     <span class='ocr_line' id='line_1_20' title="bbox 280 3237 1769 3354; baseline 0.004 -30"><span class='ocrx_word' id='word_1_160' title='bbox 280 3237 450 3338; x_wconf 84' lang='lat' dir='ltr'>salsitas,</span> <span class='ocrx_word' id='word_1_161' title='bbox 485 3241 776 3339; x_wconf 80' lang='lat' dir='ltr'>mendacium,</span> <span class='ocrx_word' id='word_1_162' title='bbox 809 3244 998 3348; x_wconf 84' lang='lat' dir='ltr'>injustitia</span> <span class='ocrx_word' id='word_1_163' title='bbox 1027 3298 1040 3324; x_wconf 86' lang='grc'><strong>.</strong></span> <span class='ocrx_word' id='word_1_164' title='bbox 1072 3243 1211 3325; x_wconf 75' lang='lat' dir='ltr'>Slruti</span> <span class='ocrx_word' id='word_1_165' title='bbox 1243 3239 1496 3354; x_wconf 67' lang='lat' dir='ltr'>pramddyati</span> <span class='ocrx_word' id='word_1_166' title='bbox 1511 3297 1525 3342; x_wconf 92' lang='lat'>,</span> <span class='ocrx_word' id='word_1_167' title='bbox 1560 3241 1626 3327; x_wconf 81' lang='lat' dir='ltr'>&#39;Ab</span> <span class='ocrx_word' id='word_1_168' title='bbox 1665 3246 1769 3331; x_wconf 87' lang='lat' dir='ltr'>obe·</span> 
     </span>
     <span class='ocr_line' id='line_1_21' title="bbox 281 3364 939 3452; baseline 0.002 -5"><span class='ocrx_word' id='word_1_169' title='bbox 281 3367 432 3448; x_wconf 76' lang='lat' dir='ltr'>diensis</span> <span class='ocrx_word' id='word_1_170' title='bbox 465 3391 508 3446; x_wconf 88' lang='lat' dir='ltr'>se</span> <span class='ocrx_word' id='word_1_171' title='bbox 531 3364 727 3447; x_wconf 81' lang='lat' dir='ltr'>subtrahit</span> <span class='ocrx_word' id='word_1_172' title='bbox 756 3373 832 3452; x_wconf 80' lang='lat' dir='ltr'>dte.</span> <span class='ocrx_word' id='word_1_173' title='bbox 932 3375 939 3386; x_wconf 86' lang='lat'>&#39;</span> 
     </span>
    </p>

    <p class='ocr_par' dir='ltr' id='par_1_6' title="bbox 283 3487 1894 4451">
     <span class='ocr_line' id='line_1_22' title="bbox 407 3487 1773 3604; baseline 0.006 -32"><span class='ocrx_word' id='word_1_174' title='bbox 407 3491 475 3572; x_wconf 92' lang='lat' dir='ltr'>lll.</span> <span class='ocrx_word' id='word_1_175' title='bbox 540 3487 675 3572; x_wconf 87' lang='lat' dir='ltr'>Verba</span> <span class='ocrx_word' id='word_1_176' title='bbox 701 3491 918 3602; x_wconf 83' lang='lat' dir='ltr'>gignendi,</span> <span class='ocrx_word' id='word_1_177' title='bbox 950 3491 1143 3590; x_wconf 78' lang='lat' dir='ltr'>timendi,</span> <span class='ocrx_word' id='word_1_178' title='bbox 1177 3491 1476 3604; x_wconf 79' lang='lat' dir='ltr'>liberandique,</span> <span class='ocrx_word' id='word_1_179' title='bbox 1512 3515 1557 3576; x_wconf 92' lang='lat' dir='ltr'>ut</span> <span class='ocrx_word' id='word_1_180' title='bbox 1590 3493 1630 3578; x_wconf 92' lang='lat' dir='ltr'>in</span> <span class='ocrx_word' id='word_1_181' title='bbox 1670 3499 1773 3580; x_wconf 78' lang='lat' dir='ltr'>Lati·</span> 
     </span>
     <span class='ocr_line' id='line_1_23' title="bbox 284 3614 1772 3734; baseline 0.006 -38"><span class='ocrx_word' id='word_1_182' title='bbox 284 3617 375 3710; x_wconf 87' lang='lat' dir='ltr'>nis,</span> <span class='ocrx_word' id='word_1_183' title='bbox 407 3614 515 3696; x_wconf 84' lang='lat' dir='ltr'>bunc</span> <span class='ocrx_word' id='word_1_184' title='bbox 547 3635 692 3726; x_wconf 83' lang='lat' dir='ltr'>regunt</span> <span class='ocrx_word' id='word_1_185' title='bbox 724 3615 968 3720; x_wconf 79' lang='lat' dir='ltr'>ablativum,</span> <span class='ocrx_word' id='word_1_186' title='bbox 1004 3643 1047 3704; x_wconf 90' lang='lat' dir='ltr'>ut</span> <span class='ocrx_word' id='word_1_187' title='bbox 1074 3617 1266 3734; x_wconf 73' lang='lat' dir='ltr'>vydccrdl</span> <span class='ocrx_word' id='word_1_188' title='bbox 1285 3617 1467 3716; x_wconf 60' lang='lat' dir='ltr'>hiladi,</span> <span class='ocrx_word' id='word_1_189' title='bbox 1498 3643 1520 3700; x_wconf 89' lang='lat' dir='ltr'>a</span> <span class='ocrx_word' id='word_1_190' title='bbox 1548 3621 1691 3731; x_wconf 81' lang='lat' dir='ltr'>tigride</span> <span class='ocrx_word' id='word_1_191' title='bbox 1726 3625 1772 3704; x_wconf 91' lang='lat' dir='ltr'>ti-</span> 
     </span>
     <span class='ocr_line' id='line_1_24' title="bbox 284 3734 1776 3862; baseline 0.006 -40"><span class='ocrx_word' id='word_1_192' title='bbox 284 3764 388 3838; x_wconf 89' lang='lat' dir='ltr'>met,</span> <span class='ocrx_word' id='word_1_193' title='bbox 430 3734 902 3851; x_wconf 68' lang='lat' dir='ltr'>trebiribllyaudvidjatd</span> <span class='ocrx_word' id='word_1_194' title='bbox 937 3771 958 3827; x_wconf 88' lang='lat' dir='ltr'>a</span> <span class='ocrx_word' id='word_1_195' title='bbox 992 3746 1215 3862; x_wconf 84' lang='lat' dir='ltr'>latronibus</span> <span class='ocrx_word' id='word_1_196' title='bbox 1248 3745 1476 3829; x_wconf 87' lang='lat' dir='ltr'>abhorret.</span> <span class='ocrx_word' id='word_1_197' title='bbox 1511 3743 1776 3862; x_wconf 70' lang='lat' dir='ltr'>Pcibdtreiyate</span> 
     </span>
     <span class='ocr_line' id='line_1_25' title="bbox 283 3860 1894 3986; baseline 0.006 -40"><span class='ocrx_word' id='word_1_198' title='bbox 283 3860 544 3974; x_wconf 64' lang='lat' dir='ltr'>Biagavdn,</span> <span class='ocrx_word' id='word_1_199' title='bbox 586 3889 799 3974; x_wconf 85' lang='lat' dir='ltr'>npeccato</span> <span class='ocrx_word' id='word_1_200' title='bbox 841 3869 981 3986; x_wconf 81' lang='lat' dir='ltr'>liberat</span> <span class='ocrx_word' id='word_1_201' title='bbox 1021 3873 1268 3982; x_wconf 76' lang='lat' dir='ltr'>Bbagaoan,</span> <span class='ocrx_word' id='word_1_202' title='bbox 1293 3870 1334 3954; x_wconf 90' lang='lat' dir='ltr'>id</span> <span class='ocrx_word' id='word_1_203' title='bbox 1364 3891 1450 3974; x_wconf 84' lang='lat' dir='ltr'>est,</span> <span class='ocrx_word' id='word_1_204' title='bbox 1476 3871 1589 3953; x_wconf 84' lang='lat' dir='ltr'>Deus</span> <span class='ocrx_word' id='word_1_205' title='bbox 1615 3871 1803 3964; x_wconf 75' lang='lat' dir='ltr'>Sirion„</span> <span class='ocrx_word' id='word_1_206' title='bbox 1888 3925 1894 3935; x_wconf 85' lang='lat'><em>·</em></span> 
     </span>
     <span class='ocr_line' id='line_1_26' title="bbox 285 3984 1773 4108; baseline 0.005 -35"><span class='ocrx_word' id='word_1_207' title='bbox 285 3984 541 4099; x_wconf 68' lang='lat' dir='ltr'>Tscddreblryi</span> <span class='ocrx_word' id='word_1_208' title='bbox 560 3987 736 4071; x_wconf 78' lang='lat' dir='ltr'>ralsbati</span> <span class='ocrx_word' id='word_1_209' title='bbox 765 4019 786 4075; x_wconf 91' lang='lat' dir='ltr'>a</span> <span class='ocrx_word' id='word_1_210' title='bbox 816 3990 969 4078; x_wconf 83' lang='lat' dir='ltr'>lusibus</span> <span class='ocrx_word' id='word_1_211' title='bbox 999 3998 1205 4108; x_wconf 70' lang='lat' dir='ltr'>protegit,</span> <span class='ocrx_word' id='word_1_212' title='bbox 1237 3993 1409 4090; x_wconf 86' lang='lat' dir='ltr'>liberat,</span> <span class='ocrx_word' id='word_1_213' title='bbox 1433 3995 1618 4076; x_wconf 84' lang='lat' dir='ltr'>redimit.</span> <span class='ocrx_word' id='word_1_214' title='bbox 1637 3997 1773 4106; x_wconf 68' lang='lat' dir='ltr'>Agin?</span> 
     </span>
     <span class='ocr_line' id='line_1_27' title="bbox 286 4108 1772 4232; baseline 0.008 -40"><span class='ocrx_word' id='word_1_215' title='bbox 286 4108 626 4226; x_wconf 66' lang='lat' dir='ltr'>euslrnddja‘yatd,</span> <span class='ocrx_word' id='word_1_216' title='bbox 660 4139 708 4195; x_wconf 85' lang='lat' dir='ltr'>ert</span> <span class='ocrx_word' id='word_1_217' title='bbox 737 4115 831 4228; x_wconf 82' lang='lat' dir='ltr'>igne</span> <span class='ocrx_word' id='word_1_218' title='bbox 854 4121 923 4203; x_wconf 85' lang='lat' dir='ltr'>lux</span> <span class='ocrx_word' id='word_1_219' title='bbox 955 4123 1153 4203; x_wconf 85' lang='lat' dir='ltr'>nascitur.</span> <span class='ocrx_word' id='word_1_220' title='bbox 1185 4115 1690 4232; x_wconf 69' lang='lat' dir='ltr'>Virinndtijdyati&#39;padma</span> <span class='ocrx_word' id='word_1_221' title='bbox 1723 4147 1772 4204; x_wconf 85' lang='lat' dir='ltr'>ex</span> 
     </span>
     <span class='ocr_line' id='line_1_28' title="bbox 284 4240 1860 4354; baseline 0.008 -34"><span class='ocrx_word' id='word_1_222' title='bbox 284 4265 386 4351; x_wconf 87' lang='lat' dir='ltr'>aqua</span> <span class='ocrx_word' id='word_1_223' title='bbox 416 4240 595 4349; x_wconf 78' lang='lat' dir='ltr'>gignitur</span> <span class='ocrx_word' id='word_1_224' title='bbox 625 4241 873 4351; x_wconf 88' lang='lat' dir='ltr'>nymphaea.</span> <span class='ocrx_word' id='word_1_225' title='bbox 899 4243 1062 4327; x_wconf 74' lang='lat' dir='ltr'>Vrlslril</span> <span class='ocrx_word' id='word_1_226' title='bbox 1071 4241 1345 4354; x_wconf 69' lang='lat' dir='ltr'>praelavant·</span> <span class='ocrx_word' id='word_1_227' title='bbox 1357 4242 1559 4354; x_wconf 79' lang='lat' dir='ltr'>puslrprini</span> <span class='ocrx_word' id='word_1_228' title='bbox 1584 4272 1631 4329; x_wconf 85' lang='lat' dir='ltr'>ert</span> <span class='ocrx_word' id='word_1_229' title='bbox 1655 4243 1773 4331; x_wconf 82' lang='lat' dir='ltr'>arbo·</span> <span class='ocrx_word' id='word_1_230' title='bbox 1854 4321 1860 4350; x_wconf 57' lang='lat'>,</span> 
     </span>
     <span class='ocr_line' id='line_1_29' title="bbox 285 4365 1494 4451; baseline 0.001 -6"><span class='ocrx_word' id='word_1_231' title='bbox 285 4388 326 4445; x_wconf 87' lang='lat' dir='ltr'>re</span> <span class='ocrx_word' id='word_1_232' title='bbox 364 4379 579 4444; x_wconf 86' lang='lat' dir='ltr'>nascuntur</span> <span class='ocrx_word' id='word_1_233' title='bbox 606 4365 750 4451; x_wconf 86' lang='lat' dir='ltr'>liores.</span> <span class='ocrx_word' id='word_1_234' title='bbox 1479 4367 1494 4412; x_wconf 88' lang='grc'>·’</span> 
     </span>
    </p>

    <p class='ocr_par' dir='ltr' id='par_1_7' title="bbox 285 4481 1773 4862">
     <span class='ocr_line' id='line_1_30' title="bbox 409 4481 1772 4605; baseline 0.01 -40"><span class='ocrx_word' id='word_1_235' title='bbox 409 4481 478 4566; x_wconf 91' lang='lat' dir='ltr'>lV.</span> <span class='ocrx_word' id='word_1_236' title='bbox 544 4485 720 4568; x_wconf 86' lang='lat' dir='ltr'>Nomina</span> <span class='ocrx_word' id='word_1_237' title='bbox 754 4519 854 4605; x_wconf 78' lang='lat' dir='ltr'>onya</span> <span class='ocrx_word' id='word_1_238' title='bbox 893 4494 1009 4594; x_wconf 87' lang='lat' dir='ltr'>alter,</span> <span class='ocrx_word' id='word_1_239' title='bbox 1045 4493 1170 4590; x_wconf 80' lang='lat' dir='ltr'>alius3</span> <span class='ocrx_word' id='word_1_240' title='bbox 1199 4493 1307 4577; x_wconf 73' lang='lat' dir='ltr'>itata</span> <span class='ocrx_word' id='word_1_241' title='bbox 1342 4493 1470 4592; x_wconf 70' lang='lat' dir='ltr'>aliust</span> <span class='ocrx_word' id='word_1_242' title='bbox 1502 4491 1620 4578; x_wconf 76' lang='lat' dir='ltr'>bisina</span> <span class='ocrx_word' id='word_1_243' title='bbox 1651 4495 1772 4600; x_wconf 89' lang='lat' dir='ltr'>alter,</span> 
     </span>
     <span class='ocr_line' id='line_1_31' title="bbox 285 4607 1773 4733; baseline 0.009 -42"><span class='ocrx_word' id='word_1_244' title='bbox 285 4607 527 4706; x_wconf 85' lang='lat' dir='ltr'>alius,item</span> <span class='ocrx_word' id='word_1_245' title='bbox 567 4616 882 4722; x_wconf 80' lang='lat' dir='ltr'>praepositiones</span> <span class='ocrx_word' id='word_1_246' title='bbox 906 4615 1001 4700; x_wconf 66' lang='lat' dir='ltr'>circii</span> <span class='ocrx_word' id='word_1_247' title='bbox 1027 4616 1233 4730; x_wconf 73' lang='lat' dir='ltr'>prope,d</span> <span class='ocrx_word' id='word_1_248' title='bbox 1263 4645 1419 4733; x_wconf 89' lang='lat' dir='ltr'>usque,</span> <span class='ocrx_word' id='word_1_249' title='bbox 1451 4619 1577 4721; x_wconf 71' lang='lat' dir='ltr'>ruti,</span> <span class='ocrx_word' id='word_1_250' title='bbox 1624 4622 1687 4707; x_wconf 84' lang='lat' dir='ltr'>vel</span> <span class='ocrx_word' id='word_1_251' title='bbox 1727 4643 1773 4706; x_wconf 90' lang='lat' dir='ltr'>ut</span> 
     </span>
     <span class='ocr_line' id='line_1_32' title="bbox 285 4729 1770 4862; baseline 0.007 -48"><span class='ocrx_word' id='word_1_252' title='bbox 285 4731 350 4814; x_wconf 90' lang='lat' dir='ltr'>alii</span> <span class='ocrx_word' id='word_1_253' title='bbox 378 4729 559 4816; x_wconf 88' lang='lat' dir='ltr'>scribunt</span> <span class='ocrx_word' id='word_1_254' title='bbox 587 4735 695 4832; x_wconf 71' lang='lat' dir='ltr'>rite,</span> <span class='ocrx_word' id='word_1_255' title='bbox 725 4741 838 4839; x_wconf 90' lang='lat' dir='ltr'>sine,</span> <span class='ocrx_word' id='word_1_256' title='bbox 870 4765 1014 4850; x_wconf 88' lang='lat' dir='ltr'>petunt</span> <span class='ocrx_word' id='word_1_257' title='bbox 1051 4743 1161 4828; x_wconf 91' lang='lat' dir='ltr'>hunc</span> <span class='ocrx_word' id='word_1_258' title='bbox 1189 4743 1430 4844; x_wconf 84' lang='lat' dir='ltr'>ablativum,</span> <span class='ocrx_word' id='word_1_259' title='bbox 1468 4771 1505 4828; x_wconf 90' lang='lat' dir='ltr'>v.</span> <span class='ocrx_word' id='word_1_260' title='bbox 1524 4771 1563 4860; x_wconf 85' lang='lat' dir='ltr'>g.</span> <span class='ocrx_word' id='word_1_261' title='bbox 1592 4742 1770 4862; x_wconf 74' lang='lat' dir='ltr'>vidyeiyei</span> 
     </span>
    </p>

    <p class='ocr_par' dir='ltr' id='par_1_8' title="bbox 222 4853 1776 5234">
     <span class='ocr_line' id='line_1_33' title="bbox 222 4853 1771 4982; baseline 0.012 -50"><span class='ocrx_word' id='word_1_262' title='bbox 222 4870 224 4874; x_wconf 78' lang='grc'>’</span> <span class='ocrx_word' id='word_1_263' title='bbox 286 4853 365 4934; x_wconf 77' lang='lat' dir='ltr'>riti</span> <span class='ocrx_word' id='word_1_264' title='bbox 395 4883 447 4936; x_wconf 82' lang='lat' dir='ltr'>rra</span> <span class='ocrx_word' id='word_1_265' title='bbox 477 4857 682 4956; x_wconf 82' lang='lat' dir='ltr'>Samrdlri,</span> <span class='ocrx_word' id='word_1_266' title='bbox 706 4862 791 4946; x_wconf 88' lang='lat' dir='ltr'>sine</span> <span class='ocrx_word' id='word_1_267' title='bbox 816 4867 981 4949; x_wconf 85' lang='lat' dir='ltr'>scientia</span> <span class='ocrx_word' id='word_1_268' title='bbox 1011 4893 1093 4950; x_wconf 93' lang='lat' dir='ltr'>non</span> <span class='ocrx_word' id='word_1_269' title='bbox 1126 4869 1307 4971; x_wconf 87' lang='lat' dir='ltr'>(datur)</span> <span class='ocrx_word' id='word_1_270' title='bbox 1339 4869 1553 4982; x_wconf 87' lang='lat' dir='ltr'>splendor,</span> <span class='ocrx_word' id='word_1_271' title='bbox 1588 4871 1771 4954; x_wconf 86' lang='lat' dir='ltr'>divitiae.</span> 
     </span>
     <span class='ocr_line' id='line_1_34' title="bbox 285 4975 1770 5104; baseline 0.009 -45"><span class='ocrx_word' id='word_1_272' title='bbox 285 4975 519 5086; x_wconf 77' lang='lat' dir='ltr'>Blagavata</span> <span class='ocrx_word' id='word_1_273' title='bbox 545 4981 623 5060; x_wconf 75' lang='lat' dir='ltr'>riti</span> <span class='ocrx_word' id='word_1_274' title='bbox 648 5009 699 5062; x_wconf 85' lang='lat' dir='ltr'>na</span> <span class='ocrx_word' id='word_1_275' title='bbox 732 4990 877 5085; x_wconf 79' lang='lat' dir='ltr'>macri,</span> <span class='ocrx_word' id='word_1_276' title='bbox 906 4993 989 5074; x_wconf 88' lang='lat' dir='ltr'>sine</span> <span class='ocrx_word' id='word_1_277' title='bbox 1016 4993 1110 5076; x_wconf 89' lang='lat' dir='ltr'>Deo</span> <span class='ocrx_word' id='word_1_278' title='bbox 1140 4991 1259 5076; x_wconf 83' lang='lat' dir='ltr'>Shiva</span> <span class='ocrx_word' id='word_1_279' title='bbox 1288 5019 1369 5078; x_wconf 89' lang='lat' dir='ltr'>non</span> <span class='ocrx_word' id='word_1_280' title='bbox 1408 4994 1586 5096; x_wconf 85' lang='lat' dir='ltr'>(datur)</span> <span class='ocrx_word' id='word_1_281' title='bbox 1618 4993 1770 5104; x_wconf 84' lang='lat' dir='ltr'>gloria.</span> 
     </span>
     <span class='ocr_line' id='line_1_35' title="bbox 288 5097 1776 5234; baseline 0.012 -50"><span class='ocrx_word' id='word_1_282' title='bbox 288 5097 522 5216; x_wconf 73' lang='lat' dir='ltr'>Galidanyi</span> <span class='ocrx_word' id='word_1_283' title='bbox 544 5101 696 5186; x_wconf 73' lang='lat' dir='ltr'>vileirs</span> <span class='ocrx_word' id='word_1_284' title='bbox 724 5133 745 5192; x_wconf 89' lang='lat' dir='ltr'>a</span> <span class='ocrx_word' id='word_1_285' title='bbox 771 5109 898 5194; x_wconf 88' lang='lat' dir='ltr'>domo</span> <span class='ocrx_word' id='word_1_286' title='bbox 917 5113 1034 5197; x_wconf 89' lang='lat' dir='ltr'>aliud</span> <span class='ocrx_word' id='word_1_287' title='bbox 1060 5137 1117 5198; x_wconf 86' lang='lat' dir='ltr'>est</span> <span class='ocrx_word' id='word_1_288' title='bbox 1153 5117 1379 5228; x_wconf 89' lang='lat' dir='ltr'>templum,</span> <span class='ocrx_word' id='word_1_289' title='bbox 1416 5115 1561 5234; x_wconf 81' lang='lat' dir='ltr'>idest,</span> <span class='ocrx_word' id='word_1_290' title='bbox 1588 5115 1695 5201; x_wconf 91' lang='lat' dir='ltr'>aliud</span> <span class='ocrx_word' id='word_1_291' title='bbox 1719 5135 1776 5202; x_wconf 86' lang='lat' dir='ltr'>est</span> 
     </span>
    </p>
   </div>
   <div class='ocr_carea' id='block_1_4' title="bbox 0 0 2283 6260">
    <p class='ocr_par' dir='ltr' id='par_1_9' title="bbox 0 0 2283 6260">
     <span class='ocr_line' id='line_1_36' title="bbox 0 0 2283 6260; baseline 0 0"><span class='ocrx_word' id='word_1_292' title='bbox 0 0 2283 6260; x_wconf 95' lang='lat' dir='ltr'> </span> 
     </span>
    </p>
   </div>
  </div>
 </body>
</html>
