4612 6268
990 494 1029 606 l(
1059 491 1151 586 lilii
1180 501 1216 605 i<
1563 509 1584 550 ¹

348 637 517 731 ctltur.
547 613 643 751 Jain
675 649 786 721 vero
819 609 940 718 nulla
971 619 1136 718 horum
1175 621 1488 720 characterum
1521 605 1669 717 forma
1702 623 1850 753 omni·-
1882 747 1886 754 Ι

347 768 432 866 bus
464 763 584 862 indis
633 765 697 858 ita
727 759 983 858 communis
1033 787 1135 877 est,
1173 791 1224 856 ut
1262 794 1313 855 ea
1360 759 1554 856 universi
1587 759 1849 890 promiscue

345 933 568 1012 utantur3
607 895 725 996 unde
760 899 909 995 oritur
944 921 1079 1028 grave
1120 893 1507 1014 incommodum,
1541 929 1596 991 cx·
1631 931 1727 1026 quo
1762 891 1848 1012 lit,

348 1069 401 1138 ut
438 1071 527 1135 una
560 1071 611 1132 ex
657 1033 800 1130 tribus
835 1036 1098 1129 memoratis
1137 1035 1445 1166 characterum
1483 1031 1641 1130 formis
1678 1033 1847 1130 exarati

346 1170 534 1273 codices·
574 1199 653 1302 per
683 1197 828 1268 totam
873 1169 1047 1268 Indiam
1083 1172 1257 1308 perlegi
1299 1201 1562 1305 nequeant,
1600 1205 1705 1270 cum
1742 1203 1852 1268 una·

347 1345 557 1444 quaeque
576 1307 721 1406 forma
739 1307 951 1440 peculiari
973 1311 1232 1438 prouinciae
1253 1307 1384 1408 affixa
1402 1315 1488 1428 sita
1508 1337 1554 1407 er
1567 1307 1846 1440 reliquarum

345 1455 587 1584 regionum
612 1445 906 1578 alphabetum
932 1442 1175 1545 exchrdat.
1213 1455 1267 1546 In
1287 1447 1363 1544 taii
1393 1482 1547 1546 rerum
1568 1475 1691 1544 statu·
1712 1480 1849 1580 quos·

344 1619 451 1684 narn
481 1619 569 1718 ego
597 1587 642 1680 in
682 1583 765 1680 bac
797 1619 897 1682 mea
925 1587 1220 1717 grammatica
1257 1589 1376 1721 typis
1396 1584 1667 1720 ,evulganda
1699 1583 1849 1682 chara·

343 1753 488 1829 cteres
515 1721 775 1820 adhiberem
799 1725 884 1818 nisi
903 1721 1097 1839 latinos,
1130 1726 1209 1854 qui
1237 1723 1294 1820 ab
1326 1723 1537 1822 omnibus
1556 1721 1722 1822 indicis
1741 1723 1845 1820 Mis·

342 1863 583 1978 sinnariis,
620 1862 669 1955 in
700 1896 970 1994 quacunque
1001 1859 1154 1957 indiae
1191 1864 1380 1994 regione
1410 1891 1844 1992 versarentur,per-

343 1995 433 2132 legi
449 2067 469 2115 ,1
482 2028 528 2094 et
544 1996 733 2130 intelligi
757 2015 975 2132 possent?
1006 1998 1223 2096 Profecto
1239 2000 1322 2096 hac
1344 2003 1519 2098 ratione
1542 1997 1675 2122 hujus
1695 2031 1842 2132 gram·

343 2139 535 2232 maricae
572 2133 708 2229 lectio
741 2168 787 2233 et
810 2171 919 2234 usus·
939 2133 1143 2240 redditur
1165 2139 1447 2258 communis,
1480 2167 1526 2235 et
1544 2135 1700 2270 lingua
1720 2149 1840 2232 Sam-

343 2383 455 2448 scrta
484 2309 670 2486 W
736 2341 1020 2476 reliquorum
1054 2343 1208 2444 indiae
1245 2347 1520 2446 idiomatum
1552 2341 1652 2442 fons
1690 2371 1843 2440 etma-
1921 2341 1925 2354 ’

590 2495 602 2536 C

343 2591 448 2678 rer,
485 2559 570 2656 sub
605 2595 693 2655 una
728 2559 866 2656 latina
898 2558 1229 2659 elementorum
1267 2558 1412 2658 forma
1444 2559 1670 2692 ocyssime
1699 2583 1745 2654 et
1777 2551 1842 2654 fe·
1958 2655 1960 2660 .

342 2699 489 2795 liciter
520 2693 659 2792 edisci
687 2699 859 2826 poterit
887 2703 979 2821 (c).
1016 2706 1169 2800 Datur
1200 2701 1334 2796 etiam
1370 2697 1621 2829 Europaeis
1652 2691 1840 2791 literatis

338 2837 446 2933 viris
476 2831 605 2928 locus
623 2831 829 2930 eamdem
852 2865 994 2931 artem
1019 2835 1328 2968 perscrutandi
1346 2904 1361 2955 ,
1378 2833 1562 2968 linguae
1584 2827 1841 2940 Samscrda·

338 2974 483 3068 micae
522 2966 775 3065 ubertatem
811 2969 1104 3099 admirandi,
1137 2975 1461 3112 opportunitas
1488 3003 1587 3070 eam
1612 2968 1842 3072 addiscen-

340 3107 421 3204 di.
460 3109 682 3226 Quamvis
718 3139 830 3224 vero
859 3113 1015 3237 potior
1053 3115 1187 3237 hujus
1230 3112 1551 3247 grammaticae
1593 3141 1695 3240 pars
1740 3103 1840 3203 lati-

310 3245 409 3340 ·nis
446 3241 679 3339 elementis
706 3240 933 3374 descripta
954 3249 1040 3367 sit,
1079 3254 1125 3348 in
1166 3287 1219 3348 ea
1262 3279 1412 3344 tamen
1443 3241 1840 3344 indicorum-cha

338 3409 561 3477 racterum
597 3411 726 3474 usum
764 3411 953 3509 prorsus
984 3417 1078 3484 non
1126 3387 1334 3524 neglexi,
1374 3383 1541 3482 sed'iis
1574 3385 1838 3516 cumprimis

338 3516 735 3614 constructionum
766 3517 969 3652 exempla
1004 3519 1189 3657 depinxi
1227 3557 1363 3656 atque
1400 3519 1651 3639 adornavi,
1688 3553 1739 3618 ut
1769 3523 1837 3642 ii,

335 3655 416 3784 qui
450 3649 718 3786 archetypi,
757 3683 802 3749 et
832 3649 1061 3790 legitImae
1084 3660 1292 3761 lectionis
1317 3658 1496 3760 indicae
1531 3656 1757 3756 desiderio
1780 3657 1838 3757 af-

335 3788 586 3905 ficiuntur,
621 3825 720 3886 eam
758 3791 938 3923 assequi
971 3795 1183 3897 ualeant.
1203 3806 1251 3898 ln
1285 3799 1448 3898 Indicis
1483 3795 1718 3895 vocabulis
1743 3795 1838 3916 ,ia-

336 3929 437 4025 tino
467 3926 725 4024 charactere
763 3925 1038 4054 reddendis,
1085 3939 1369 4036 tenacissime
1418 3935 1592 4033 inhaesi
1632 3967 1839 4071 ortogra-

332 4064 468 4196 phiae
504 4065 831 4160 Granthamicae
860 4135 876 4185 ‚
908 4105 1023 4201 quae
1056 4077 1102 4171 in
1140 4073 1323 4174 australi
1364 4072 1518 4173 Indiae
1555 4074 1743 4207 regione
1776 4077 1838 4171 vi·

332 4229 444 4334 get,
481 4229 525 4295 et
558 4237 675 4330 quae
710 4239 735 4300 a
765 4206 1093 4340 Divanagarica
1123 4249 1216 4311 non
1254 4212 1492 4326 dissonat3
1526 4210 1654 4342 quod
1683 4211 1835 4344 palam

330 4336 384 4434 lit
417 4369 472 4434 ex
519 4333 725 4468 plurimis
762 4341 1002 4443 vocabulis
1045 4350 1408 4449 Samscrdamicis
1453 4386 1479 4446 a
1521 4357 1582 4446 D.
1609 4353 1667 4445 G.
1698 4357 1833 4474 Jones

330 4474 657 4608 Divanagarica
699 4479 1028 4615 orthographia
1058 4485 1325 4620 descriptis.
1361 4489 1645 4619 decmmarr
1687 4490 1833 4621 ipsam

332 4643 387 4708 ex
424 4611 583 4707 codice
613 4651 691 4710 ms.
729 4623 784 4732 li.
808 4624 861 4713 P.
882 4627 1068 4746 Joannis
1091 4626 1267 4724 Ernesti
1290 4625 1562 4746 Hanxleden,
1585 4627 1835 4728 Samscrda-

328 4751 442 4847 mici
472 4754 705 4848 Sermonis
737 4757 999 4888 peritissimi
1035 4762 1153 4885 uiri,
1176 4767 1259 4900 qui
1292 4798 1392 4862 eam
1415 4799 1469 4864 ex
1491 4759 1727 4866 codicibus
1742 4765 1834 4902 pal

365 5109 378 5130 .
427 5001 487 5110 (a)
538 5009 632 5088 tiae
657 5014 824 5088 vocabuli
839 5017 1018 5099 Samscrta
1044 5027 1310 5130 etymologiam
1332 5042 1370 5103 et
1395 5025 1571 5131 analysim
1592 5027 1687 5104 inira
1709 5025 1747 5102 in
1765 5027 1833 5105 ni-

285 5195 292 5207 ·
325 5125 509 5192 mmm
529 5115 600 5194 atila
625 5137 719 5191 vnce⁴
740 5117 945 5200 amnena.
