4552 6266
608 590 882 708 Pradigrairam
900 653 913 694 ,
1072 591 1334 696 satellitium,
1349 590 1483 678 italice
1498 593 1786 703 Retruguvrdia
1803 649 1820 678 .

609 716 935 835 Pradiybdhavo,
1076 721 1190 804 Miles
1209 720 1422 818 inimicus,
1441 718 1589 815 hostis,
1614 718 1870 804 adversator.

608 841 906 946 Pradimadam,
1077 846 1219 957 opinio
1253 845 1477 928 contraria.

496 989 502 1000 ·
607 967 821 1070 Prndimb,
1073 967 1506 1082 similitudo‚figura,
1539 969 1701 1080 imago.

606 1093 874 1196 Pradisatam,
1073 1093 1432 1191 stonsexercitus,
1460 1095 1500 1178 la
1526 1088 1800 1202 Vanguardia.

522 1235 540 1254 ¹·
608 1213 803 1303 Pradisira
1077 1221 1263 1318 cortina,
1292 1218 1459 1318 velutn,
1491 1216 1570 1300 tela
1598 1215 1791 1300 adversa.
1888 1263 1890 1270 ·

608 1340 899 1444 Prodividam,
1077 1369 1345 1459 responsum,
1375 1341 1672 1427 contrudIctio.

608 1463 848 1566 Pradivirdi,
1076 1469 1391 1567 contradicens,
1425 1469 1678 1552 adversator.

562 1699 567 1710 .
609 1588 936 1709 Ptaclishrayam,
1075 1593 1269 1710 asyllunr,
1292 1595 1388 1676 item
1407 1589 1521 1678 locus
1548 1587 1730 1672 consilii.

608 1713 937 1816 Pradisltravam,
1077 1744 1252 1802 assensus
1272 1772 1287 1798 .
1650 1727 1654 1734 ’

609 1837 895 1942 Pradishruda,
1076 1842 1208 1940 echo,
1241 1865 1322 1948 von
1349 1864 1607 1953 repercussa.

486 1968 491 1976 '
609 1961 940 2070 Praonzedham,
1074 1965 1322 2050 resistentia.

607 2080 852 2190 Praditschi,
1073 2091 1289 2189 occidens,
1323 2088 1470 2173 orienti
1498 2088 1708 2174 adversus.

608 2203 923 2330 Pradindryam,
1049 2247 1052 2252 ’
1078 2241 1139 2299 res
1160 2215 1373 2299 oculorum
1402 2214 1526 2298 aciem
1557 2233 1597 2297 et
1624 2235 1763 2294 sensus
1787 2201 1976 2322 fugiens.

608 2333 918 2454 Ptadyarpialam
934 2397 953 2443 ,
1078 2365 1141 2424 tes
1171 2341 1350 2424 restituta
1379 2359 1459 2423 etc.

993 2587 1349 2678 SECTIO
1407 2585 1464 2670 V.

765 2839 830 2923 De
863 2837 1242 2950 conjunctionibus
1270 2833 1519 2945 Talpurusza
1547 2831 1693 2918 dictis.

608 2959 939 3075 Compositiones
971 2965 1180 3075 nominum
1222 2991 1272 3048 ex
1312 2962 1415 3048 varia
1446 2985 1607 3044 casuum
1649 2953 1900 3054 diversitate,
1932 2971 1976 3036 et
2035 2969 2038 2976 ⁴

482 3081 774 3190 adjectivorum
800 3117 893 3174 cum
923 3091 1182 3176 substantivis
1212 3091 1367 3176 unione
1385 3081 1708 3172 alirahmanibns
1726 3072 1975 3186 Tripurusza

480 3209 708 3295 dicuntur.
737 3216 859 3298 Primi
886 3221 1042 3328 generis
1072 3241 1200 3301 sunt.

605 3339 809 3421 Kaszdam
834 3340 1005 3439 sirica,
1036 3339 1195 3440 siricio,
1224 3335 1373 3434 aalide,
1404 3334 1553 3443 padt'da
1582 3392 1596 3434 ,
1620 3333 1765 3444 gavia,
1792 3343 1975 3442 atyasta,

478 3455 650 3566 prvipta,
678 3460 864 3562 aabana,
899 3491 1003 3577 quae
1037 3469 1178 3548 omnia
1210 3483 1356 3574 petunt
1383 3461 1688 3551 accusativum,
1722 3461 1762 3538 δι
1794 3479 1885 3536 cum
1919 3474 1972 3534 eo

479 3583 739 3694 junguntur,
772 3587 827 3668 ita
844 3611 890 3671 ut
905 3589 1013 3672 inter
1034 3613 1077 3668 se
1096 3589 1351 3672 coalescant.
1385 3609 1471 3696 ng.
1493 3581 1575 3667 dici
1605 3599 1736 3692 potest
1767 3577 1972 3660 lusatiam·

478 3703 644 3814 sbrida,
674 3729 795 3822 atque
827 3713 948 3796 etiam
975 3711 1285 3806 kaszdarlrida,
1318 3709 1443 3792 homo
1472 3709 1543 3820 qui
1577 3703 1800 3817 penetravit
1837 3701 1974 3797 invia,

482 3849 522 3912 et
555 3829 646 3948 loca
678 3855 891 3944 penetratu
920 3831 1093 3923 difficilia
1122 3897 1134 3922 .
1166 3838 1213 3920 In
1248 3833 1449 3920 feminino
1482 3831 1623 3918 dices:
1654 3821 1975 3923 kaszdasltridvi,

481 3951 523 4036 in
558 3975 700 4039 neutro
725 3955 1076 4046 laszdasltridam.
1167 4027 1171 4033 -
1627 3949 1629 3952 ’

604 4077 939 4198 Slvaculaydcrda,
973 4085 1044 4173 ubi
1074 4081 1284 4200 sitaculaya*
1310 4103 1368 4166 est
1394 4081 1435 4163 in
1466 4105 1509 4186 3.
1546 4104 1638 4164 casu
1672 4103 1745 4162 seu
1777 4071 1970 4168 ablron,

354 4201 355 4204 ¹
482 4203 678 4290 contrahe
706 4229 747 4291 ct
773 4211 870 4294 dt’c:
899 4205 1200 4296 sitaculvicrdas
1216 4213 1275 4294 Ita
1300 4205 1619 4318 ditanylnaartlta
1656 4229 1728 4314 per
1759 4197 1892 4314 fruges
1914 4195 1972 4280 di·

367 4409 370 4414 .
479 4331 631 4430 vitiae,
661 4335 804 4416 seu'ex
834 4331 1019 4450 frugibus
1043 4361 1170 4448 opes,
1204 4335 1297 4419 dic:
1328 4327 1612 4444 ditinyvirtlra.
1644 4323 1833 4413 Similiter
1872 4345 1970 4401 tun·

475 4449 647 4569 dialtiya
663 4454 894 4576 ltirannyam
908 4517 923 4560 ,
957 4459 1028 4546 ubi
1054 4456 1298 4572 cundbalviya
1327 4455 1452 4544 estin
1483 4453 1649 4550 dativo,
1679 4449 1745 4534 dic
1768 4443 1970 4530 :cundia-
2078 4491 2087 4512 ι

476 4576 771 4693 imitatuturum,
802 4581 1009 4671 inauribus
1033 4611 1207 4682 aurum,
1239 4609 1310 4668 seu
1333 4579 1384 4664 ad
1403 4578 1559 4662 inaures
1576 4601 1749 4661 aurum.
1780 4573 1839 4655 Ita
1863 4591 1964 4651 con·

476 4703 641 4786 struitur
658 4705 773 4788 artira
792 4731 923 4820 opes,
955 4707 1116 4795 divitiae
1143 4739 1158 4802 ι
1190 4705 1325 4792 iridem
1358 4702 1554 4796 bonum,
1584 4700 1748 4813 sugium
1787 4713 1928 4808 gustus
1941 4745 1963 4816 7

476 4827 618 4940 quies,
653 4830 866 4943 voluptas,
898 4859 937 4916 v.
954 4862 994 4952 g.
1009 4833 1288 4950 yuvaruglram
1329 4829 1522 4936 juvenum
1549 4833 1632 4910 'seu
1660 4819 1846 4932 juvenilis
1881 4835 1964 4897 vo-

477 4951 631 5065 luptas,
662 4957 1014 5042 Brakmanartlram
1041 4957 1305 5046 Brahmanum
1328 4979 1454 5070 opes.
1483 4943 1840 5037 Brakmanartltam
1859 4959 1966 5056 pays
2044 4965 2052 4977 ⁴

437 5189 438 5194 Ν
478 5077 745 5175 Brnhtnanutn
774 5081 936 5174 divitiae
961 5083 1053 5172 lac.
1153 5113 1157 5120 ·
