4544 6276
1656 487 1736 580 πός

311 607 485 700 minibus
507 605 783 722 metaphoricis
813 624 854 690 et
889 603 1135 716 descriptivis
1162 599 1292 686 oritur
1320 602 1385 686 illa
1422 601 1673 688 abundantia*
1695 624 1736 685 et

311 723 517 852 opulentia
543 733 752 820 nominum
782 733 824 816 in
852 729 1164 814 Samscrdamica
1193 727 1357 844 lingua,
1388 729 1491 811 sicut
1533 729 1574 810 in
1599 725 1739 812 Arabi·

313 887 392 956 ca·,
426 886 565 974 neque.
586 881 719 941 tamen
748 857 842 940 ideo
870 881 966 938 cum
998 854 1078 936 risu
1102 851 1273 937 cavillari
1299 850 1434 938 debet·
1454 851 1553 936 hanc
1574 851 1739 935 Samscr·

316 986 464 1072 damici
497 983 690 1067 sermonis
731 981 885 1092 copiam
927 980 1104 1066 loannes
1142 978 1188 1060 ll.
1225 977 1412 1072 Forstert
1444 975 1559 1090 quod
1590 975 1741 1089 agitio

318 1107 650 1194 annotationibus
676 1105 725 1188 ad
756 1101 1173 1189 menmltinerarir'tm
1201 1102 1255 1183 ad
1279 1103 1427 1206 lndop,
1461 1101 1555 1185 edit.
1572 1097 1744 1184 Berolin.

317 1235 411 1318 anni
450 1221 578 1348 179'8.
610 1256 853 1342 pagam,
883 1225 934 1310 ab
962 1227 1070 1310 sein
1111 1227 1290 1340 linguam
1334 1225 1612 1308 Germanicam
1650 1249 1744 1308 cum

320 1359 473 1464 jactura
501 1354 718 1439 multorum
752 1356 927 1463 capitum
959 1374 1197 1435 conuersum
1226 1409 1238 1432 .
1272 1351 1374 1434 Nam
1417 1350 1615 1434 dictiones
1657 1346 1745 1432 illae

323 1479 653 1564 Samscrdamicae
683 1478 944 1586 descriptivae
988 1502 1037 1558 ex
1070 1497 1208 1560 natura
1252 1475 1307 1557 rei
1351 1475 1585 1584 desumptae
1618 1493 1746 1570 sunt,

322 1626 362 1718 et
393 1604 501 1688 alteri
528 1605 680 1684 nomini
713 1601 898 1710 applicari
930 1623 1171 1711 nequeunt,
1203 1597 1275 1683 sed
1302 1601 1358 1684 rei
1390 1600 1610 1710 descriptae
1654 1621 1747 1708 pro·

320 1727 428 1838 priae
454 1749 572 1819 sunt,
608 1751 763 1836 usuque
788 1725 917 1837 gentis
944 1751 1099 1834 semper
1118 1723 1325 1808 inhaerent
1341 1722 1396 1806 illi
1416 1721 1617 1808 vocabulo
1639 1745 1748 1808 natu·

325 1849 395 1931 rali
416 1853 560 1953 ,cujus
574 1850 801 1960 qualitatem
818 1847 1074 1932 describunt.
1097 1846 1165 1930 An
1182 1849 1430 1931 Graecorum
1451 1842 1645 1941 autumnale
1663 1846 1749 1930 ubi·

200 2019 202 2024 ·
325 1967 406 2088 que
432 1973 469 2054 et
505 2000 659 2083 semper
688 1991 865 2056 naturam
896 1973 1107 2086 sequitur,
1142 1993 1182 2054 et
1222 1972 1320 2054 nihil
1354 1973 1515 2056 assumit
1542 1973 1593 2057 ab
1619 1991 1748 2056 exter·

329 2123 383 2180 no
413 2099 633 2178 charactere
672 2109 830 2195 rerum,
863 2123 960 2211 quas
989 2097 1202 2180 nominati
1234 2095 1463 2195 Ceterum,
1496 2097 1567 2180 hae
1609 2096 1749 2182 descri-

325 2223 485 2332 ptiones
514 2247 563 2302 ex
596 2245 730 2304 natura
761 2223 816 2302 nei
848 2245 1067 2333 assumptae
1095 2243 1135 2302 et
1152 2225 1191 2301 in
1214 2221 1376 2304 nomina
1404 2221 1635 2320 translatae,
1656 2226 1747 2308 satis
1807 2239 1810 2244 '
1923 2259 1925 2266 ’

326 2367 646 2428 commonstrant
660 2401 673 2440 ,
705 2344 882 2456 linguam
897 2345 1246 2446 Samscrdamicam
1270 2366 1355 2426 non
1368 2345 1499 2450 solum
1523 2345 1747 2455 poeticam,

329 2471 400 2550 sed
429 2469 543 2549 etiam
575 2468 889 2578 philosophicam
914 2495 1017 2550 esse.

155 2685 159 2696 ,
270 2591 469 2688 Caelites,
502 2590 611 2673 Divi
638 2590 831 2674 Indorum
856 2593 1049 2698 dicuntur
1076 2597 1246 2686 Amara,
1282 2589 1548 2690 immortalem
1567 2589 1750 2708 nirgiarri
1798 2633 1802 2640 ¹

333 2741 419 2798 non
453 2737 732 2810 senescentest
762 2711 873 2797 aeva
900 2716 980 2813 dii,
1000 2715 1128 2810 ,divit
1158 2713 1366 2800 vlbhudlni
1396 2720 1555 2802 maximi
1588 2720 1751 2805 intelle·
1814 2789 1816 2794 .

331 2861 419 2920 ctus
450 2839 589 2948 genii,
621 2835 715 2924 sura
745 2839 896 2932 luc-idir
927 2835 1155 2929 cumanum*
1182 2839 1314 2926 bonae
1332 2843 1555 2930 uoluntatis
1584 2847 1718 2961 genii.

267 2959 370 3061 Sol,
404 2953 565 3076 idirya',
595 2988 743 3077 surya,
776 2960 965 3079 dryamd,
996 2958 1307 3063 dvadeshitma,
1341 2965 1506 3085 (ΝΒ.)
1535 2970 1752 3056 duodecim

335 3084 563 3170 caelestium
611 3089 819 3202 signorum
859 3090 990 3172 anima
1005 3117 1021 3186 3
1051 3082 1233 3172 divitara
1257 3088 1525 3189 ,'bhascara,
1552 3093 1752 3204 ahastara,

331 3205 610 3322 prabhdcara,
642 3209 818 3296 bhasvin
846 3267 860 3310 ,
892 3210 1076 3313 mahira,
1108 3213 1229 3298 tatani
1257 3269 1274 3314 ,
1306 3215 1461 3318 mitra,
1508 3216 1753 3336 grahapadi,
1858 3309 1859 3314 a

331 3330 498 3432 bhinu,
529 3333 690 3420 hamsa.
721 3337 814 3422 Om.
838 3363 930 3452 gen.
954 3365 1007 3421 m.

269 3457 377 3544 Solis
401 3457 575 3558 satelles,
606 3457 1011 3575 shryapirshvauitti.

271 3579 376 3666 Solis
402 3581 504 3681 lux,
536 3581 752 3696 pracdsha,
784 3585 919 3691 djdta,
953 3579 1101 3702 dtaba.

273 3705 378 3796 Solis
402 3705 526 3804 radii,
557 3707 771 3818 splendor,
802 3709 976 3807 rashmi‚
1009 3736 1132 3806 usta,
1164 3711 1332 3815 kirana,
1366 3713 1575 3827 gebhasti,
1608 3721 1756 3830 lehrni,

334 3824 503 3926 bhinu,
533 3856 646 3928 cara,
677 3831 848 3942 prabha,
882 3834 992 3932 ruci,
1025 3829 1134 3933 bhai,
1164 3835 1300 3933 shavi,
1333 3840 1469 3950 dipti,
1502 3840 1612 3930 roci.

241 3957 415 4052 -Luna,
447 3951 676 4056 Tschandra
699 3983 765 4038 seu
797 3956 1004 4054 Ciandra,
1036 3955 1269 4058 himdmsu,
1303 3961 1570 4065 ciandramri,
1603 3971 1753 4074 vidhu,

294 4087 297 4094 ’
339 4073 610 4175 sudhdmshu,
643 4074 758 4190 abgia
784 4107 850 4162 seu
879 4079 1036 4185 abdja,
1070 4077 1210 4180 sdma,
1243 4073 1462 4202 mrginca.
1494 4095 1604 4172 Luna
1648 4097 1758 4191 Indis

337 4221 399 4284 est
424 4206 555 4282 Lunus
580 4223 621 4282 et
645 4207 781 4296 Lunna
813 4203 986 4290 subinde
1010 4231 1102 4316 gen.
1128 4231 1271 4304 maso,
1305 4207 1397 4292 alias
1424 4208 1632 4299 feminini.

274 4319 415 4412 Lunae
446 4325 612 4421 lumen,
643 4323 712 4428 lux
730 4381 744 4424 ,
759 4323 1026 4413 Tschandricd
1043 4385 1056 4427 ,
1071 4325 1295 4432 Kaumudi,
1315 4329 1516 4441 Gidtsna,
1551 4366 1643 4456 3.g.
1660 4339 1754 4432 fem.

274 4449 391 4533 luna
416 4473 580 4546 serena,
614 4443 807 4558 prasdda,
839 4449 955 4560 ¹teliva
970 4461 994 4550 ,‘
1017 4456 1255 4565 prasanada.

276 4571 381 4654 Solis
409 4571 517 4654 calor
541 4573 757 4669 maximus,
791 4575 981 4686 tigmam,
1013 4573 1200 4677 tisanam,
1233 4578 1413 4684 charam,
1450 4611 1491 4692 3.
1516 4614 1555 4701 g.
1575 4615 1614 4672 n.
1739 4579 1741 4586 ’

276 4693 382 4778 Solis
416 4695 526 4778 calor
570 4695 835 4797 moderatus,
865 4697 1099 4800 Tdsznam,
1132 4699 1403 4810 cavdsznam,
1436 4711 1755 4817 manddsznam,

342 4817 609 4916 cadusznam,
643 4849 685 4926 4.
710 4847 801 4933 gen.
829 4849 867 4906 n.
1295 4885 1298 4890 -
1843 4823 1846 4830 ’

276 4941 475 5050 neptale,
507 4937 671 5038 amata,
703 4939 904 5059 abiusyi,
942 4981 979 5034 a.
1005 4977 1046 5062 g·
1066 4947 1187 5050 femt
1219 4955 1407 5058 adarslsa,
1440 4989 1480 5076 g.
1501 4985 1619 5044 masc.
1647 4961 1755 5042 Dici·

339 5085 405 5156 tur
428 5055 631 5162 adarsha,
658 5092 729 5154 seu
757 5070 823 5156 via
850 5071 1012 5184 visibilis
1033 5075 1131 5162 dum
1158 5081 1317 5166 oritur.
