<?xml version="1.0" encoding="UTF-8"?>
<!DOCTYPE html PUBLIC "-//W3C//DTD XHTML 1.0 Transitional//EN"
    "http://www.w3.org/TR/xhtml1/DTD/xhtml1-transitional.dtd">
<html xmlns="http://www.w3.org/1999/xhtml" xml:lang="en" lang="en">
 <head>
  <title>
</title>
<meta http-equiv="Content-Type" content="text/html;charset=utf-8" />
  <meta name='ocr-system' content='tesseract 3.04.00' />
  <meta name='ocr-capabilities' content='ocr_page ocr_carea ocr_par ocr_line ocrx_word'/>
</head>
<body>
  <div class='ocr_page' id='page_1' title='image "./vycaranaseulocu00bartgoog_0346.png"; bbox 0 0 4604 6274; ppageno 0'>
   <div class='ocr_carea' id='block_1_1' title="bbox 1710 479 1804 579">
    <p class='ocr_par' dir='ltr' id='par_1_1' title="bbox 1710 479 1804 579">
     <span class='ocr_line' id='line_1_1' title="bbox 1710 479 1804 579; baseline 0.064 -6"><span class='ocrx_word' id='word_1_1' title='bbox 1710 479 1804 579; x_wconf 68' lang='lat'>3²⁷¹</span> 
     </span>
    </p>
   </div>
   <div class='ocr_carea' id='block_1_2' title="bbox 223 573 1915 5204">
    <p class='ocr_par' dir='ltr' id='par_1_2' title="bbox 223 573 1915 5204">
     <span class='ocr_line' id='line_1_2' title="bbox 330 573 1441 702; baseline -0.004 -27"><span class='ocrx_word' id='word_1_2' title='bbox 330 611 360 694; x_wconf 73' lang='lat'><em>7</em></span> <span class='ocrx_word' id='word_1_3' title='bbox 384 587 568 691; x_wconf 56' lang='lat' dir='ltr'>&#39;crinem</span> <span class='ocrx_word' id='word_1_4' title='bbox 596 581 666 686; x_wconf 71' lang='lat' dir='ltr'>rite</span> <span class='ocrx_word' id='word_1_5' title='bbox 690 608 751 674; x_wconf 88' lang='lat' dir='ltr'>est</span> <span class='ocrx_word' id='word_1_6' title='bbox 773 584 971 702; x_wconf 86' lang='lat' dir='ltr'>passivum</span> <span class='ocrx_word' id='word_1_7' title='bbox 997 579 1112 672; x_wconf 88' lang='lat' dir='ltr'>verbi</span> <span class='ocrx_word' id='word_1_8' title='bbox 1133 573 1280 684; x_wconf 78' lang='lat' dir='ltr'>ratiti,</span> <span class='ocrx_word' id='word_1_9' title='bbox 1310 574 1441 671; x_wconf 63' lang='lat' dir='ltr'>faciti</span> 
     </span>
     <span class='ocr_line' id='line_1_3' title="bbox 328 691 1771 828; baseline -0.004 -32"><span class='ocrx_word' id='word_1_10' title='bbox 328 716 356 796; x_wconf 78' lang='lat'><em>8</em></span> <span class='ocrx_word' id='word_1_11' title='bbox 390 715 503 812; x_wconf 80' lang='lat' dir='ltr'>Bitu,</span> <span class='ocrx_word' id='word_1_12' title='bbox 530 737 658 816; x_wconf 76' lang='lat' dir='ltr'>terre,</span> <span class='ocrx_word' id='word_1_13' title='bbox 689 711 819 828; x_wconf 76' lang='lat' dir='ltr'>ligatu</span> <span class='ocrx_word' id='word_1_14' title='bbox 849 713 1053 811; x_wconf 87' lang='lat' dir='ltr'>mundus,</span> <span class='ocrx_word' id='word_1_15' title='bbox 1079 708 1237 794; x_wconf 70' lang='lat' dir='ltr'>teatin</span> <span class='ocrx_word' id='word_1_16' title='bbox 1260 713 1301 792; x_wconf 92' lang='lat' dir='ltr'>in</span> <span class='ocrx_word' id='word_1_17' title='bbox 1339 691 1496 795; x_wconf 85' lang='lat' dir='ltr'>mundo</span> <span class='ocrx_word' id='word_1_18' title='bbox 1521 711 1691 796; x_wconf 72' lang='lat' dir='ltr'>terrestri</span> <span class='ocrx_word' id='word_1_19' title='bbox 1715 741 1734 798; x_wconf 81' lang='lat' dir='ltr'>t·</span> <span class='ocrx_word' id='word_1_20' title='bbox 1767 782 1771 790; x_wconf 87' lang='lat'>.</span> 
     </span>
     <span class='ocr_line' id='line_1_4' title="bbox 328 835 1455 950; baseline -0.009 -28"><span class='ocrx_word' id='word_1_21' title='bbox 328 864 355 940; x_wconf 86' lang='lat'>9</span> <span class='ocrx_word' id='word_1_22' title='bbox 392 835 617 939; x_wconf 62' lang='lat' dir='ltr'>critatem,</span> <span class='ocrx_word' id='word_1_23' title='bbox 647 837 739 937; x_wconf 67' lang='lat' dir='ltr'>fiacr</span> <span class='ocrx_word' id='word_1_24' title='bbox 770 859 828 926; x_wconf 88' lang='lat' dir='ltr'>est</span> <span class='ocrx_word' id='word_1_25' title='bbox 855 838 1113 950; x_wconf 84' lang='lat' dir='ltr'>imperativus</span> <span class='ocrx_word' id='word_1_26' title='bbox 1139 836 1250 919; x_wconf 89' lang='lat' dir='ltr'>verbi</span> <span class='ocrx_word' id='word_1_27' title='bbox 1273 836 1455 939; x_wconf 78' lang='lat' dir='ltr'>crijare..</span> 
     </span>
     <span class='ocr_line' id='line_1_5' title="bbox 302 957 1798 1077; baseline 0.003 -35"><span class='ocrx_word' id='word_1_28' title='bbox 302 983 355 1042; x_wconf 86' lang='lat' dir='ltr'>ro</span> <span class='ocrx_word' id='word_1_29' title='bbox 388 962 529 1064; x_wconf 72' lang='lat' dir='ltr'>otti,</span> <span class='ocrx_word' id='word_1_30' title='bbox 562 965 639 1060; x_wconf 68' lang='lat' dir='ltr'>dae</span> <span class='ocrx_word' id='word_1_31' title='bbox 671 989 729 1049; x_wconf 88' lang='lat' dir='ltr'>est</span> <span class='ocrx_word' id='word_1_32' title='bbox 752 965 1013 1077; x_wconf 83' lang='lat' dir='ltr'>Imperatiuus</span> <span class='ocrx_word' id='word_1_33' title='bbox 1034 960 1147 1044; x_wconf 84' lang='lat' dir='ltr'>uerbi</span> <span class='ocrx_word' id='word_1_34' title='bbox 1173 961 1316 1046; x_wconf 85' lang='lat' dir='ltr'>dadati</span> <span class='ocrx_word' id='word_1_35' title='bbox 1338 961 1406 1045; x_wconf 89' lang='lat' dir='ltr'>dat</span> <span class='ocrx_word' id='word_1_36' title='bbox 1423 978 1583 1069; x_wconf 73' lang='lat' dir='ltr'>tpotest</span> <span class='ocrx_word' id='word_1_37' title='bbox 1605 957 1798 1046; x_wconf 83' lang='lat' dir='ltr'>substitui</span> 
     </span>
     <span class='ocr_line' id='line_1_6' title="bbox 415 1079 1793 1202; baseline 0 -34"><span class='ocrx_word' id='word_1_38' title='bbox 415 1085 572 1186; x_wconf 66' lang='lat' dir='ltr'>antrat,</span> <span class='ocrx_word' id='word_1_39' title='bbox 603 1111 644 1172; x_wconf 88' lang='lat' dir='ltr'>et</span> <span class='ocrx_word' id='word_1_40' title='bbox 676 1091 814 1175; x_wconf 88' lang='lat' dir='ltr'>melius</span> <span class='ocrx_word' id='word_1_41' title='bbox 837 1087 1021 1174; x_wconf 87' lang='lat' dir='ltr'>absolute</span> <span class='ocrx_word' id='word_1_42' title='bbox 1045 1089 1086 1168; x_wconf 93' lang='lat' dir='ltr'>in</span> <span class='ocrx_word' id='word_1_43' title='bbox 1126 1079 1197 1170; x_wconf 62' lang='lat'>2³²</span> <span class='ocrx_word' id='word_1_44' title='bbox 1223 1112 1392 1202; x_wconf 86' lang='lat' dir='ltr'>persona</span> <span class='ocrx_word' id='word_1_45' title='bbox 1423 1085 1578 1166; x_wconf 82' lang='lat' dir='ltr'>datram</span> <span class='ocrx_word' id='word_1_46' title='bbox 1594 1085 1676 1186; x_wconf 88' lang='lat' dir='ltr'>da,</span> <span class='ocrx_word' id='word_1_47' title='bbox 1698 1086 1793 1180; x_wconf 71' lang='lat' dir='ltr'>des,</span> 
     </span>
     <span class='ocr_line' id='line_1_7' title="bbox 423 1207 1797 1329; baseline 0.003 -35"><span class='ocrx_word' id='word_1_48' title='bbox 423 1237 512 1294; x_wconf 87' lang='lat' dir='ltr'>nam</span> <span class='ocrx_word' id='word_1_49' title='bbox 543 1214 636 1296; x_wconf 77' lang='lat' dir='ltr'>diii</span> <span class='ocrx_word' id='word_1_50' title='bbox 662 1239 723 1300; x_wconf 89' lang='lat' dir='ltr'>est</span> <span class='ocrx_word' id='word_1_51' title='bbox 743 1218 785 1298; x_wconf 93' lang='lat' dir='ltr'>in</span> <span class='ocrx_word' id='word_1_52' title='bbox 814 1215 929 1314; x_wconf 85' lang='lat' dir='ltr'>tertia</span> <span class='ocrx_word' id='word_1_53' title='bbox 957 1237 1153 1325; x_wconf 87' lang='lat' dir='ltr'>persona,</span> <span class='ocrx_word' id='word_1_54' title='bbox 1181 1235 1222 1296; x_wconf 88' lang='lat' dir='ltr'>et</span> <span class='ocrx_word' id='word_1_55' title='bbox 1247 1209 1410 1326; x_wconf 73' lang='lat' dir='ltr'>proprii</span> <span class='ocrx_word' id='word_1_56' title='bbox 1437 1231 1553 1296; x_wconf 85' lang='lat' dir='ltr'>sonat</span> <span class='ocrx_word' id='word_1_57' title='bbox 1569 1207 1797 1329; x_wconf 66' lang='lat' dir='ltr'>decequoci</span> 
     </span>
     <span class='ocr_line' id='line_1_8' title="bbox 421 1335 1107 1451; baseline 0.006 -35"><span class='ocrx_word' id='word_1_58' title='bbox 421 1335 512 1420; x_wconf 87' lang='lat' dir='ltr'>Indi</span> <span class='ocrx_word' id='word_1_59' title='bbox 535 1337 700 1422; x_wconf 89' lang='lat' dir='ltr'>honoris</span> <span class='ocrx_word' id='word_1_60' title='bbox 724 1365 845 1426; x_wconf 86' lang='lat' dir='ltr'>causa</span> <span class='ocrx_word' id='word_1_61' title='bbox 869 1362 1107 1451; x_wconf 85' lang='lat' dir='ltr'>apponunt.</span> 
     </span>
     <span class='ocr_line' id='line_1_9' title="bbox 298 1459 1793 1564; baseline 0.004 -22"><span class='ocrx_word' id='word_1_62' title='bbox 298 1481 349 1542; x_wconf 89' lang='lat' dir='ltr'>rr</span> <span class='ocrx_word' id='word_1_63' title='bbox 387 1464 574 1560; x_wconf 83' lang='lat' dir='ltr'>Runam,</span> <span class='ocrx_word' id='word_1_64' title='bbox 598 1466 661 1548; x_wconf 85' lang='lat' dir='ltr'>vel</span> <span class='ocrx_word' id='word_1_65' title='bbox 691 1464 885 1550; x_wconf 75' lang='lat' dir='ltr'>uditirm</span> <span class='ocrx_word' id='word_1_66' title='bbox 915 1462 1129 1564; x_wconf 84' lang='lat' dir='ltr'>debitum,</span> <span class='ocrx_word' id='word_1_67' title='bbox 1149 1464 1302 1548; x_wconf 78' lang='lat' dir='ltr'>datram</span> <span class='ocrx_word' id='word_1_68' title='bbox 1328 1490 1387 1549; x_wconf 87' lang='lat' dir='ltr'>res</span> <span class='ocrx_word' id='word_1_69' title='bbox 1423 1461 1542 1559; x_wconf 74' lang='lat' dir='ltr'>data·²</span> <span class='ocrx_word' id='word_1_70' title='bbox 1566 1459 1675 1550; x_wconf 86' lang='lat' dir='ltr'>unde</span> <span class='ocrx_word' id='word_1_71' title='bbox 1695 1459 1793 1548; x_wconf 73' lang='lat' dir='ltr'>aar·</span> 
     </span>
     <span class='ocr_line' id='line_1_10' title="bbox 417 1586 1674 1677; baseline 0.012 -12"><span class='ocrx_word' id='word_1_72' title='bbox 417 1586 658 1670; x_wconf 73' lang='lat' dir='ltr'>tomitanam</span> <span class='ocrx_word' id='word_1_73' title='bbox 677 1593 770 1674; x_wconf 76' lang='lat' dir='ltr'>&#39;dati</span> <span class='ocrx_word' id='word_1_74' title='bbox 798 1591 1010 1677; x_wconf 86' lang='lat' dir='ltr'>debitum.</span> <span class='ocrx_word' id='word_1_75' title='bbox 1419 1669 1422 1675; x_wconf 90' lang='lat'><em>.</em></span> <span class='ocrx_word' id='word_1_76' title='bbox 1672 1611 1674 1623; x_wconf 92' lang='lat'>&#39;</span> 
     </span>
     <span class='ocr_line' id='line_1_11' title="bbox 298 1709 1337 1828; baseline 0.008 -38"><span class='ocrx_word' id='word_1_77' title='bbox 298 1733 347 1813; x_wconf 89' lang='lat' dir='ltr'>r3</span> <span class='ocrx_word' id='word_1_78' title='bbox 388 1709 616 1812; x_wconf 60' lang='lat' dir='ltr'>(idhitum,</span> <span class='ocrx_word' id='word_1_79' title='bbox 641 1714 854 1817; x_wconf 88' lang='lat' dir='ltr'>debitum,</span> <span class='ocrx_word' id='word_1_80' title='bbox 886 1717 994 1800; x_wconf 86' lang='lat' dir='ltr'>idem</span> <span class='ocrx_word' id='word_1_81' title='bbox 1018 1713 1137 1828; x_wconf 85' lang='lat' dir='ltr'>quoti</span> <span class='ocrx_word' id='word_1_82' title='bbox 1163 1741 1337 1798; x_wconf 79' lang='lat' dir='ltr'>tunam.</span> 
     </span>
     <span class='ocr_line' id='line_1_12' title="bbox 229 1835 1791 1941; baseline 0.004 -27"><span class='ocrx_word' id='word_1_83' title='bbox 229 1891 235 1898; x_wconf 52' lang='lat'>=</span> <span class='ocrx_word' id='word_1_84' title='bbox 296 1855 352 1938; x_wconf 82' lang='lat'>¹4</span> <span class='ocrx_word' id='word_1_85' title='bbox 384 1835 699 1941; x_wconf 68' lang='lat' dir='ltr'>stanranjattr,</span> <span class='ocrx_word' id='word_1_86' title='bbox 737 1869 796 1928; x_wconf 90' lang='lat' dir='ltr'>res</span> <span class='ocrx_word' id='word_1_87' title='bbox 819 1840 1067 1935; x_wconf 76' lang='lat' dir='ltr'>dimitenda,</span> <span class='ocrx_word' id='word_1_88' title='bbox 1089 1840 1341 1938; x_wconf 86' lang='lat' dir='ltr'>remitenda,</span> <span class='ocrx_word' id='word_1_89' title='bbox 1364 1836 1593 1924; x_wconf 87' lang='lat' dir='ltr'>toleranda.</span> <span class='ocrx_word' id='word_1_90' title='bbox 1613 1835 1686 1919; x_wconf 86' lang='lat' dir='ltr'>Est</span> <span class='ocrx_word' id='word_1_91' title='bbox 1715 1837 1791 1922; x_wconf 84' lang='lat' dir='ltr'>Ge·</span> 
     </span>
     <span class='ocr_line' id='line_1_13' title="bbox 414 1960 1792 2080; baseline 0.001 -37"><span class='ocrx_word' id='word_1_92' title='bbox 414 1965 607 2074; x_wconf 81' lang='lat' dir='ltr'>rundium</span> <span class='ocrx_word' id='word_1_93' title='bbox 639 1967 681 2047; x_wconf 87' lang='lat' dir='ltr'>in·</span> <span class='ocrx_word' id='word_1_94' title='bbox 706 1969 801 2052; x_wconf 86' lang='lat' dir='ltr'>dum</span> <span class='ocrx_word' id='word_1_95' title='bbox 815 1967 924 2080; x_wconf 89' lang='lat' dir='ltr'>apud</span> <span class='ocrx_word' id='word_1_96' title='bbox 939 1967 1127 2062; x_wconf 80' lang='lat' dir='ltr'>Latinos,</span> <span class='ocrx_word' id='word_1_97' title='bbox 1144 1987 1189 2046; x_wconf 93' lang='lat' dir='ltr'>ut</span> <span class='ocrx_word' id='word_1_98' title='bbox 1205 1987 1362 2053; x_wconf 81' lang='lat' dir='ltr'>mama,</span> <span class='ocrx_word' id='word_1_99' title='bbox 1384 1961 1447 2044; x_wconf 89' lang='lat' dir='ltr'>vel</span> <span class='ocrx_word' id='word_1_100' title='bbox 1464 1964 1526 2044; x_wconf 74' lang='lat' dir='ltr'>mi</span> <span class='ocrx_word' id='word_1_101' title='bbox 1538 1960 1792 2064; x_wconf 67' lang='lat' dir='ltr'>certantium,</span> 
     </span>
     <span class='ocr_line' id='line_1_14' title="bbox 412 2083 1796 2200; baseline 0.004 -33"><span class='ocrx_word' id='word_1_102' title='bbox 412 2085 509 2170; x_wconf 89' lang='lat' dir='ltr'>mihi</span> <span class='ocrx_word' id='word_1_103' title='bbox 530 2083 790 2191; x_wconf 77' lang='lat' dir='ltr'>iaciendum,</span> <span class='ocrx_word' id='word_1_104' title='bbox 815 2121 875 2176; x_wconf 88' lang='lat' dir='ltr'>res</span> <span class='ocrx_word' id='word_1_105' title='bbox 895 2089 990 2172; x_wconf 82' lang='lat' dir='ltr'>rniisi</span> <span class='ocrx_word' id='word_1_106' title='bbox 1014 2089 1265 2200; x_wconf 78' lang='lat' dir='ltr'>peragenda.</span> <span class='ocrx_word' id='word_1_107' title='bbox 1296 2089 1343 2169; x_wconf 87' lang='lat' dir='ltr'>In</span> <span class='ocrx_word' id='word_1_108' title='bbox 1365 2113 1549 2174; x_wconf 81' lang='lat' dir='ltr'>sermone</span> <span class='ocrx_word' id='word_1_109' title='bbox 1572 2087 1796 2173; x_wconf 80' lang='lat' dir='ltr'>Samsctde·</span> 
     </span>
     <span class='ocr_line' id='line_1_15' title="bbox 409 2213 1043 2327; baseline 0.002 -37"><span class='ocrx_word' id='word_1_110' title='bbox 409 2213 516 2296; x_wconf 92' lang='lat' dir='ltr'>mico</span> <span class='ocrx_word' id='word_1_111' title='bbox 541 2213 742 2327; x_wconf 80' lang='lat' dir='ltr'>eleganter</span> <span class='ocrx_word' id='word_1_112' title='bbox 765 2217 1043 2300; x_wconf 81' lang='lat' dir='ltr'>construitur.</span> 
     </span>
     <span class='ocr_line' id='line_1_16' title="bbox 290 2331 1795 2452; baseline 0.005 -42"><span class='ocrx_word' id='word_1_113' title='bbox 290 2351 341 2432; x_wconf 75' lang='grc' dir='ltr'>ις</span> <span class='ocrx_word' id='word_1_114' title='bbox 377 2335 605 2436; x_wconf 70' lang='lat' dir='ltr'>Amisiam,</span> <span class='ocrx_word' id='word_1_115' title='bbox 638 2340 858 2452; x_wconf 84' lang='lat' dir='ltr'>ingressus,</span> <span class='ocrx_word' id='word_1_116' title='bbox 886 2337 1076 2420; x_wconf 79' lang='lat' dir='ltr'>introitus</span> <span class='ocrx_word' id='word_1_117' title='bbox 1108 2335 1149 2417; x_wconf 93' lang='lat' dir='ltr'>in</span> <span class='ocrx_word' id='word_1_118' title='bbox 1179 2336 1435 2429; x_wconf 67' lang='lat' dir='ltr'>accusativot</span> <span class='ocrx_word' id='word_1_119' title='bbox 1464 2331 1707 2436; x_wconf 72' lang='lat' dir='ltr'>siridianriy&#39;a</span> <span class='ocrx_word' id='word_1_120' title='bbox 1728 2349 1795 2418; x_wconf 81' lang='lat' dir='ltr'>ta·-</span> 
     </span>
     <span class='ocr_line' id='line_1_17' title="bbox 408 2457 1786 2576; baseline 0.002 -36"><span class='ocrx_word' id='word_1_121' title='bbox 408 2459 575 2542; x_wconf 74' lang='lat' dir='ltr'>visitatu</span> <span class='ocrx_word' id='word_1_122' title='bbox 603 2463 825 2576; x_wconf 87' lang='lat' dir='ltr'>ingressum</span> <span class='ocrx_word' id='word_1_123' title='bbox 856 2462 1219 2554; x_wconf 87' lang='lat' dir='ltr'>intentationem,</span> <span class='ocrx_word' id='word_1_124' title='bbox 1249 2457 1388 2542; x_wconf 71' lang='lat' dir='ltr'>arentin</span> <span class='ocrx_word' id='word_1_125' title='bbox 1414 2485 1519 2558; x_wconf 90' lang='lat' dir='ltr'>nos,</span> <span class='ocrx_word' id='word_1_126' title='bbox 1552 2457 1619 2542; x_wconf 62' lang='lat' dir='ltr'>ma*</span> <span class='ocrx_word' id='word_1_127' title='bbox 1639 2459 1703 2542; x_wconf 88' lang='lat' dir='ltr'>vei</span> <span class='ocrx_word' id='word_1_128' title='bbox 1733 2486 1786 2543; x_wconf 84' lang='lat' dir='ltr'>na</span> 
     </span>
     <span class='ocr_line' id='line_1_18' title="bbox 407 2581 1788 2702; baseline 0.006 -40"><span class='ocrx_word' id='word_1_129' title='bbox 407 2582 605 2668; x_wconf 78' lang='lat' dir='ltr'>idatarva</span> <span class='ocrx_word' id='word_1_130' title='bbox 638 2616 693 2671; x_wconf 91' lang='lat' dir='ltr'>ne·</span> <span class='ocrx_word' id='word_1_131' title='bbox 717 2586 838 2674; x_wconf 74' lang='lat' dir='ltr'>facito</span> <span class='ocrx_word' id='word_1_132' title='bbox 852 2647 874 2694; x_wconf 90' lang='lat'>·.</span> <span class='ocrx_word' id='word_1_133' title='bbox 895 2587 1093 2674; x_wconf 69' lang='lat' dir='ltr'>Auernae·</span> <span class='ocrx_word' id='word_1_134' title='bbox 1110 2584 1361 2702; x_wconf 82' lang='lat' dir='ltr'>ingreditur,</span> <span class='ocrx_word' id='word_1_135' title='bbox 1394 2586 1514 2670; x_wconf 85' lang='lat' dir='ltr'>intrat</span> <span class='ocrx_word' id='word_1_136' title='bbox 1531 2581 1788 2688; x_wconf 73' lang='lat' dir='ltr'>,riviriajati</span> 
     </span>
     <span class='ocr_line' id='line_1_19' title="bbox 405 2706 1790 2826; baseline 0.006 -36"><span class='ocrx_word' id='word_1_137' title='bbox 405 2706 591 2808; x_wconf 83' lang='lat' dir='ltr'>inducit,</span> <span class='ocrx_word' id='word_1_138' title='bbox 625 2713 781 2826; x_wconf 86' lang='lat' dir='ltr'>ingredi</span> <span class='ocrx_word' id='word_1_139' title='bbox 816 2711 909 2799; x_wconf 82' lang='lat' dir='ltr'>iacit</span> <span class='ocrx_word' id='word_1_140' title='bbox 938 2770 952 2813; x_wconf 82' lang='lat'>,</span> <span class='ocrx_word' id='word_1_141' title='bbox 983 2713 1229 2813; x_wconf 76' lang='lat' dir='ltr'>avtsijasva</span> <span class='ocrx_word' id='word_1_142' title='bbox 1260 2739 1315 2796; x_wconf 87' lang='lat' dir='ltr'>ne·</span> <span class='ocrx_word' id='word_1_143' title='bbox 1348 2710 1553 2806; x_wconf 67' lang='lat' dir='ltr'>indueres</span> <span class='ocrx_word' id='word_1_144' title='bbox 1583 2711 1658 2797; x_wconf 85' lang='lat' dir='ltr'>sed</span> <span class='ocrx_word' id='word_1_145' title='bbox 1690 2737 1790 2799; x_wconf 83' lang='lat' dir='ltr'>curn</span> 
     </span>
     <span class='ocr_line' id='line_1_20' title="bbox 407 2833 1789 2954; baseline 0.003 -38"><span class='ocrx_word' id='word_1_146' title='bbox 407 2833 578 2943; x_wconf 79' lang='lat' dir='ltr'>simplici</span> <span class='ocrx_word' id='word_1_147' title='bbox 611 2841 774 2922; x_wconf 89' lang='lat' dir='ltr'>nomine</span> <span class='ocrx_word' id='word_1_148' title='bbox 812 2839 1006 2954; x_wconf 72' lang='lat' dir='ltr'>avitiam</span> <span class='ocrx_word' id='word_1_149' title='bbox 1043 2837 1265 2952; x_wconf 83' lang='lat' dir='ltr'>elegantius</span> <span class='ocrx_word' id='word_1_150' title='bbox 1294 2838 1571 2954; x_wconf 80' lang='lat' dir='ltr'>construitur.</span> <span class='ocrx_word' id='word_1_151' title='bbox 1604 2843 1674 2920; x_wconf 88' lang='lat' dir='ltr'>Na</span> <span class='ocrx_word' id='word_1_152' title='bbox 1696 2860 1789 2945; x_wconf 85' lang='lat' dir='ltr'>pra·</span> 
     </span>
     <span class='ocr_line' id='line_1_21' title="bbox 406 2958 1790 3078; baseline 0.006 -40"><span class='ocrx_word' id='word_1_153' title='bbox 406 2958 547 3060; x_wconf 65' lang='lat' dir='ltr'>vesnia</span> <span class='ocrx_word' id='word_1_154' title='bbox 575 2987 659 3045; x_wconf 91' lang='lat' dir='ltr'>non</span> <span class='ocrx_word' id='word_1_155' title='bbox 688 2964 1024 3078; x_wconf 72' lang='lat' dir='ltr'>ingrediendumt</span> <span class='ocrx_word' id='word_1_156' title='bbox 1046 2965 1162 3078; x_wconf 91' lang='lat' dir='ltr'>quod</span> <span class='ocrx_word' id='word_1_157' title='bbox 1185 2966 1226 3046; x_wconf 93' lang='lat' dir='ltr'>in</span> <span class='ocrx_word' id='word_1_158' title='bbox 1248 2966 1435 3048; x_wconf 88' lang='lat' dir='ltr'>oratione</span> <span class='ocrx_word' id='word_1_159' title='bbox 1462 2961 1682 3047; x_wconf 87' lang='lat' dir='ltr'>Dominica</span> <span class='ocrx_word' id='word_1_160' title='bbox 1711 2987 1790 3046; x_wconf 89' lang='lat' dir='ltr'>ser·</span> 
     </span>
     <span class='ocr_line' id='line_1_22' title="bbox 408 3085 1794 3203; baseline 0.003 -37"><span class='ocrx_word' id='word_1_161' title='bbox 408 3108 531 3167; x_wconf 87' lang='lat' dir='ltr'>mone</span> <span class='ocrx_word' id='word_1_162' title='bbox 557 3089 861 3203; x_wconf 75' lang='lat' dir='ltr'>Devanagatite</span> <span class='ocrx_word' id='word_1_163' title='bbox 881 3111 922 3172; x_wconf 86' lang='lat' dir='ltr'>et</span> <span class='ocrx_word' id='word_1_164' title='bbox 947 3087 1268 3176; x_wconf 73' lang='lat' dir='ltr'>samscruramieo</span> <span class='ocrx_word' id='word_1_165' title='bbox 1294 3113 1315 3171; x_wconf 91' lang='lat' dir='ltr'>a</span> <span class='ocrx_word' id='word_1_166' title='bbox 1334 3087 1570 3192; x_wconf 80' lang='lat' dir='ltr'>Beniamino</span> <span class='ocrx_word' id='word_1_167' title='bbox 1588 3085 1794 3172; x_wconf 77' lang='lat' dir='ltr'>sctuuzr&#39;o-</span> 
     </span>
     <span class='ocr_line' id='line_1_23' title="bbox 408 3211 1790 3330; baseline 0.005 -42"><span class='ocrx_word' id='word_1_168' title='bbox 408 3233 517 3290; x_wconf 89' lang='lat' dir='ltr'>anno</span> <span class='ocrx_word' id='word_1_169' title='bbox 554 3215 684 3321; x_wconf 83' lang='lat'>1748.</span> <span class='ocrx_word' id='word_1_170' title='bbox 714 3216 819 3330; x_wconf 88' lang='lat' dir='ltr'>typis</span> <span class='ocrx_word' id='word_1_171' title='bbox 838 3215 946 3298; x_wconf 80' lang='lat' dir='ltr'>edita</span> <span class='ocrx_word' id='word_1_172' title='bbox 960 3269 974 3312; x_wconf 85' lang='lat'>,</span> <span class='ocrx_word' id='word_1_173' title='bbox 994 3211 1171 3326; x_wconf 83' lang='lat' dir='ltr'>legitur,</span> <span class='ocrx_word' id='word_1_174' title='bbox 1204 3213 1247 3294; x_wconf 83' lang='lat' dir='ltr'>S.</span> <span class='ocrx_word' id='word_1_175' title='bbox 1260 3213 1487 3324; x_wconf 80' lang='lat' dir='ltr'>Scripturae</span> <span class='ocrx_word' id='word_1_176' title='bbox 1510 3237 1676 3296; x_wconf 84' lang='lat' dir='ltr'>sensum</span> <span class='ocrx_word' id='word_1_177' title='bbox 1700 3237 1790 3295; x_wconf 86' lang='lat' dir='ltr'>noo</span> 
     </span>
     <span class='ocr_line' id='line_1_24' title="bbox 292 3335 1788 3452; baseline 0.005 -38"><span class='ocrx_word' id='word_1_178' title='bbox 292 3401 302 3429; x_wconf 79' lang='grc'>,</span> <span class='ocrx_word' id='word_1_179' title='bbox 364 3401 367 3408; x_wconf 97' lang='grc'>.</span> <span class='ocrx_word' id='word_1_180' title='bbox 409 3335 628 3443; x_wconf 86' lang='lat' dir='ltr'>exprimit,</span> <span class='ocrx_word' id='word_1_181' title='bbox 661 3341 761 3452; x_wconf 92' lang='lat' dir='ltr'>quin</span> <span class='ocrx_word' id='word_1_182' title='bbox 795 3340 921 3422; x_wconf 93' lang='lat' dir='ltr'>immo</span> <span class='ocrx_word' id='word_1_183' title='bbox 959 3335 1092 3420; x_wconf 88' lang='lat' dir='ltr'>eidem</span> <span class='ocrx_word' id='word_1_184' title='bbox 1127 3337 1267 3422; x_wconf 88' lang='lat' dir='ltr'>obest:</span> <span class='ocrx_word' id='word_1_185' title='bbox 1306 3365 1395 3420; x_wconf 90' lang='lat' dir='ltr'>nam</span> <span class='ocrx_word' id='word_1_186' title='bbox 1428 3335 1550 3422; x_wconf 86' lang='lat' dir='ltr'>latine</span> <span class='ocrx_word' id='word_1_187' title='bbox 1586 3335 1788 3422; x_wconf 87' lang='lat' dir='ltr'>redditum</span> 
     </span>
     <span class='ocr_line' id='line_1_25' title="bbox 408 3459 1789 3574; baseline 0.005 -34"><span class='ocrx_word' id='word_1_188' title='bbox 408 3479 557 3556; x_wconf 88' lang='lat' dir='ltr'>sonat,</span> <span class='ocrx_word' id='word_1_189' title='bbox 590 3490 658 3543; x_wconf 88' lang='lat' dir='ltr'>nos</span> <span class='ocrx_word' id='word_1_190' title='bbox 683 3464 726 3546; x_wconf 83' lang='lat' dir='ltr'>in</span> <span class='ocrx_word' id='word_1_191' title='bbox 755 3464 1013 3546; x_wconf 73' lang='lat' dir='ltr'>tentationem</span> <span class='ocrx_word' id='word_1_192' title='bbox 1041 3490 1118 3544; x_wconf 76' lang='lat' dir='ltr'>noer</span> <span class='ocrx_word' id='word_1_193' title='bbox 1144 3461 1444 3574; x_wconf 80' lang='lat' dir='ltr'>ingrediendum</span> <span class='ocrx_word' id='word_1_194' title='bbox 1461 3487 1650 3562; x_wconf 82' lang='lat' dir='ltr'>,asmanu</span> <span class='ocrx_word' id='word_1_195' title='bbox 1669 3459 1789 3547; x_wconf 87' lang='lat' dir='ltr'>shod·</span> 
     </span>
     <span class='ocr_line' id='line_1_26' title="bbox 408 3579 1793 3702; baseline 0.006 -36"><span class='ocrx_word' id='word_1_196' title='bbox 408 3579 592 3689; x_wconf 78' lang='lat' dir='ltr'>hauijam</span> <span class='ocrx_word' id='word_1_197' title='bbox 625 3615 678 3671; x_wconf 86' lang='lat' dir='ltr'>na</span> <span class='ocrx_word' id='word_1_198' title='bbox 716 3591 921 3702; x_wconf 82' lang='lat' dir='ltr'>pravesia.</span> <span class='ocrx_word' id='word_1_199' title='bbox 953 3583 1061 3672; x_wconf 86' lang='lat' dir='ltr'>Vide</span> <span class='ocrx_word' id='word_1_200' title='bbox 1097 3582 1190 3698; x_wconf 77' lang='lat' dir='ltr'>pag.</span> <span class='ocrx_word' id='word_1_201' title='bbox 1226 3592 1297 3692; x_wconf 81' lang='lat'>83.</span> <span class='ocrx_word' id='word_1_202' title='bbox 1334 3589 1377 3670; x_wconf 86' lang='lat' dir='ltr'>in</span> <span class='ocrx_word' id='word_1_203' title='bbox 1414 3586 1520 3671; x_wconf 82' lang='lat' dir='ltr'>libro</span> <span class='ocrx_word' id='word_1_204' title='bbox 1560 3587 1754 3698; x_wconf 80' lang='lat' dir='ltr'>inscripto</span> <span class='ocrx_word' id='word_1_205' title='bbox 1773 3627 1793 3681; x_wconf 66' lang='grc' dir='ltr'>ς,</span> 
     </span>
     <span class='ocr_line' id='line_1_27' title="bbox 412 3705 1867 3826; baseline 0.007 -38"><span class='ocrx_word' id='word_1_206' title='bbox 412 3707 674 3794; x_wconf 81' lang='lat' dir='ltr'>Orientaiistit</span> <span class='ocrx_word' id='word_1_207' title='bbox 691 3716 773 3796; x_wconf 82' lang='lat' dir='ltr'>und</span> <span class='ocrx_word' id='word_1_208' title='bbox 789 3711 1118 3798; x_wconf 80' lang='lat' dir='ltr'>Occidentalisirer</span> <span class='ocrx_word' id='word_1_209' title='bbox 1132 3710 1457 3820; x_wconf 82' lang='lat' dir='ltr'>Spracimeister,</span> <span class='ocrx_word' id='word_1_210' title='bbox 1472 3713 1636 3826; x_wconf 84' lang='lat' dir='ltr'>Leipzig</span> <span class='ocrx_word' id='word_1_211' title='bbox 1661 3719 1796 3821; x_wconf 89' lang='lat'>1748..</span> <span class='ocrx_word' id='word_1_212' title='bbox 1864 3705 1867 3711; x_wconf 67' lang='grc'><strong><em>’</em></strong></span> 
     </span>
     <span class='ocr_line' id='line_1_28' title="bbox 413 3827 1791 3944; baseline 0.009 -32"><span class='ocrx_word' id='word_1_213' title='bbox 413 3827 619 3918; x_wconf 88' lang='lat' dir='ltr'>Simiiibus</span> <span class='ocrx_word' id='word_1_214' title='bbox 649 3841 853 3924; x_wconf 83' lang='lat' dir='ltr'>erroribus</span> <span class='ocrx_word' id='word_1_215' title='bbox 885 3839 1008 3922; x_wconf 83' lang='lat' dir='ltr'>etiarn</span> <span class='ocrx_word' id='word_1_216' title='bbox 1032 3838 1130 3924; x_wconf 83' lang='lat' dir='ltr'>eliae</span> <span class='ocrx_word' id='word_1_217' title='bbox 1158 3839 1244 3944; x_wconf 73' lang='lat' dir='ltr'>eius</span> <span class='ocrx_word' id='word_1_218' title='bbox 1274 3838 1479 3924; x_wconf 84' lang='lat' dir='ltr'>versiones</span> <span class='ocrx_word' id='word_1_219' title='bbox 1509 3835 1566 3922; x_wconf 86' lang='lat' dir='ltr'>ibi</span> <span class='ocrx_word' id='word_1_220' title='bbox 1593 3837 1791 3925; x_wconf 81' lang='lat' dir='ltr'>adductae</span> 
     </span>
     <span class='ocr_line' id='line_1_29' title="bbox 410 3977 1737 4050; baseline 0.01 -13"><span class='ocrx_word' id='word_1_221' title='bbox 410 3977 565 4039; x_wconf 89' lang='lat' dir='ltr'>scatent</span> <span class='ocrx_word' id='word_1_222' title='bbox 577 4015 595 4039; x_wconf 88' lang='lat'>..</span> <span class='ocrx_word' id='word_1_223' title='bbox 685 4019 687 4022; x_wconf 84' lang='grc'>-</span> <span class='ocrx_word' id='word_1_224' title='bbox 783 3977 789 3990; x_wconf 94' lang='grc'><em>·</em></span> <span class='ocrx_word' id='word_1_225' title='bbox 1402 3998 1413 4014; x_wconf 44' lang='lat' dir='ltr'>s</span> <span class='ocrx_word' id='word_1_226' title='bbox 1735 4043 1737 4050; x_wconf 89' lang='lat'><em>.</em></span> 
     </span>
     <span class='ocr_line' id='line_1_30' title="bbox 293 4085 1794 4206; baseline 0.006 -43"><span class='ocrx_word' id='word_1_227' title='bbox 293 4089 348 4165; x_wconf 79' lang='lat'>16</span> <span class='ocrx_word' id='word_1_228' title='bbox 381 4085 610 4192; x_wconf 70' lang='lat' dir='ltr'>unggatar</span> <span class='ocrx_word' id='word_1_229' title='bbox 634 4115 656 4171; x_wconf 93' lang='lat' dir='ltr'>a</span> <span class='ocrx_word' id='word_1_230' title='bbox 689 4113 880 4199; x_wconf 87' lang='lat' dir='ltr'>peccato,</span> <span class='ocrx_word' id='word_1_231' title='bbox 899 4085 972 4176; x_wconf 47' lang='lat' dir='ltr'>‘ais</span> <span class='ocrx_word' id='word_1_232' title='bbox 998 4090 1237 4206; x_wconf 84' lang='lat' dir='ltr'>iniquitate,</span> <span class='ocrx_word' id='word_1_233' title='bbox 1271 4115 1291 4176; x_wconf 80' lang='lat' dir='ltr'>a</span> <span class='ocrx_word' id='word_1_234' title='bbox 1318 4090 1418 4176; x_wconf 87' lang='lat' dir='ltr'>maia</span> <span class='ocrx_word' id='word_1_235' title='bbox 1442 4091 1533 4174; x_wconf 84' lang='lat' dir='ltr'>vir.</span> <span class='ocrx_word' id='word_1_236' title='bbox 1562 4088 1794 4200; x_wconf 82' lang='lat' dir='ltr'>Praepiaret</span> 
     </span>
     <span class='ocr_line' id='line_1_31' title="bbox 415 4205 1792 4330; baseline 0.007 -41"><span class='ocrx_word' id='word_1_237' title='bbox 415 4205 512 4290; x_wconf 86' lang='lat' dir='ltr'>haee</span> <span class='ocrx_word' id='word_1_238' title='bbox 541 4213 670 4295; x_wconf 77' lang='lat' dir='ltr'>tersio</span> <span class='ocrx_word' id='word_1_239' title='bbox 704 4215 817 4313; x_wconf 83' lang='lat' dir='ltr'>iliis,</span> <span class='ocrx_word' id='word_1_240' title='bbox 848 4241 951 4328; x_wconf 86' lang='lat' dir='ltr'>quae</span> <span class='ocrx_word' id='word_1_241' title='bbox 983 4219 1032 4298; x_wconf 91' lang='lat' dir='ltr'>in</span> <span class='ocrx_word' id='word_1_242' title='bbox 1053 4215 1260 4300; x_wconf 86' lang='lat' dir='ltr'>Schultzio</span> <span class='ocrx_word' id='word_1_243' title='bbox 1296 4217 1585 4330; x_wconf 87' lang='lat' dir='ltr'>reperiuntur,</span> <span class='ocrx_word' id='word_1_244' title='bbox 1615 4213 1792 4298; x_wconf 72' lang='lat' dir='ltr'>astutia</span> 
     </span>
     <span class='ocr_line' id='line_1_32' title="bbox 413 4319 1915 4467; baseline 0.006 -52"><span class='ocrx_word' id='word_1_245' title='bbox 413 4333 521 4415; x_wconf 78' lang='lat' dir='ltr'>enirn</span> <span class='ocrx_word' id='word_1_246' title='bbox 551 4338 669 4448; x_wconf 87' lang='lat' dir='ltr'>quod</span> <span class='ocrx_word' id='word_1_247' title='bbox 692 4340 740 4420; x_wconf 87' lang='lat' dir='ltr'>in</span> <span class='ocrx_word' id='word_1_248' title='bbox 774 4319 987 4426; x_wconf 86' lang='lat' dir='ltr'>nonnuilis-</span> <span class='ocrx_word' id='word_1_249' title='bbox 1019 4343 1270 4426; x_wconf 81' lang='lat' dir='ltr'>versionibus</span> <span class='ocrx_word' id='word_1_250' title='bbox 1308 4343 1494 4467; x_wconf 78' lang='lat' dir='ltr'>iegitur,</span> <span class='ocrx_word' id='word_1_251' title='bbox 1521 4363 1581 4424; x_wconf 88' lang='lat' dir='ltr'>est</span> <span class='ocrx_word' id='word_1_252' title='bbox 1616 4338 1790 4452; x_wconf 88' lang='lat' dir='ltr'>privatio</span> <span class='ocrx_word' id='word_1_253' title='bbox 1908 4415 1915 4424; x_wconf 89' lang='lat'>.</span> 
     </span>
     <span class='ocr_line' id='line_1_33' title="bbox 410 4455 1797 4565; baseline 0.009 -27"><span class='ocrx_word' id='word_1_254' title='bbox 410 4455 538 4556; x_wconf 88' lang='lat' dir='ltr'>boni,</span> <span class='ocrx_word' id='word_1_255' title='bbox 570 4460 764 4544; x_wconf 73' lang='lat' dir='ltr'>stabiam</span> <span class='ocrx_word' id='word_1_256' title='bbox 793 4463 983 4565; x_wconf 84' lang='lat' dir='ltr'>bouum,</span> <span class='ocrx_word' id='word_1_257' title='bbox 1011 4463 1216 4565; x_wconf 72' lang='lat' dir='ltr'>felicitas,</span> <span class='ocrx_word' id='word_1_258' title='bbox 1248 4465 1461 4550; x_wconf 67' lang='lat' dir='ltr'>uterium»</span> <span class='ocrx_word' id='word_1_259' title='bbox 1488 4491 1572 4548; x_wconf 90' lang='lat' dir='ltr'>non</span> <span class='ocrx_word' id='word_1_260' title='bbox 1603 4465 1797 4565; x_wconf 82' lang='lat' dir='ltr'>bonum,</span> 
     </span>
     <span class='ocr_line' id='line_1_34' title="bbox 413 4577 1887 4702; baseline 0.005 -40"><span class='ocrx_word' id='word_1_261' title='bbox 413 4577 645 4680; x_wconf 69' lang='lat' dir='ltr'>infelicitate</span> <span class='ocrx_word' id='word_1_262' title='bbox 666 4589 782 4700; x_wconf 85' lang='lat' dir='ltr'>quod</span> <span class='ocrx_word' id='word_1_263' title='bbox 812 4617 895 4675; x_wconf 86' lang='lat' dir='ltr'>oon</span> <span class='ocrx_word' id='word_1_264' title='bbox 913 4593 1006 4674; x_wconf 88' lang='lat' dir='ltr'>satis</span> <span class='ocrx_word' id='word_1_265' title='bbox 1029 4591 1222 4676; x_wconf 91' lang='lat' dir='ltr'>orationis</span> <span class='ocrx_word' id='word_1_266' title='bbox 1250 4617 1410 4674; x_wconf 88' lang='lat' dir='ltr'>sensum</span> <span class='ocrx_word' id='word_1_267' title='bbox 1442 4589 1613 4702; x_wconf 86' lang='lat' dir='ltr'>explicat</span> <span class='ocrx_word' id='word_1_268' title='bbox 1632 4647 1643 4672; x_wconf 85' lang='lat'><strong>.</strong></span> <span class='ocrx_word' id='word_1_269' title='bbox 1662 4596 1792 4701; x_wconf 65' lang='lat' dir='ltr'>marg»</span> <span class='ocrx_word' id='word_1_270' title='bbox 1883 4677 1887 4685; x_wconf 63' lang='grc'>,</span> 
     </span>
     <span class='ocr_line' id='line_1_35' title="bbox 378 4701 1789 4829; baseline 0.006 -43"><span class='ocrx_word' id='word_1_271' title='bbox 378 4801 381 4804; x_wconf 37' lang='grc'><strong>,</strong></span> <span class='ocrx_word' id='word_1_272' title='bbox 408 4701 502 4812; x_wconf 75' lang='lat' dir='ltr'>gari</span> <span class='ocrx_word' id='word_1_273' title='bbox 521 4704 730 4810; x_wconf 82' lang='lat' dir='ltr'>infernus,</span> <span class='ocrx_word' id='word_1_274' title='bbox 754 4715 946 4814; x_wconf 86' lang='lat' dir='ltr'>miseria,</span> <span class='ocrx_word' id='word_1_275' title='bbox 973 4719 1119 4829; x_wconf 84' lang='lat' dir='ltr'>pariter</span> <span class='ocrx_word' id='word_1_276' title='bbox 1148 4741 1295 4827; x_wconf 84' lang='lat' dir='ltr'>parurn¹</span> <span class='ocrx_word' id='word_1_277' title='bbox 1326 4715 1521 4800; x_wconf 88' lang='lat' dir='ltr'>idoneum</span> <span class='ocrx_word' id='word_1_278' title='bbox 1553 4742 1636 4800; x_wconf 89' lang='lat' dir='ltr'>esse</span> <span class='ocrx_word' id='word_1_279' title='bbox 1671 4714 1789 4800; x_wconf 85' lang='lat' dir='ltr'>uide.-</span> 
     </span>
     <span class='ocr_line' id='line_1_36' title="bbox 413 4839 1793 4956; baseline 0.008 -45"><span class='ocrx_word' id='word_1_280' title='bbox 413 4846 503 4910; x_wconf 79' lang='lat' dir='ltr'>turt</span> <span class='ocrx_word' id='word_1_281' title='bbox 545 4855 635 4914; x_wconf 90' lang='lat' dir='ltr'>nam</span> <span class='ocrx_word' id='word_1_282' title='bbox 669 4839 952 4924; x_wconf 83' lang='lat' dir='ltr'>antecedenter</span> <span class='ocrx_word' id='word_1_283' title='bbox 982 4841 1038 4926; x_wconf 87' lang='lat' dir='ltr'>de</span> <span class='ocrx_word' id='word_1_284' title='bbox 1066 4839 1306 4922; x_wconf 82' lang='lat' dir='ltr'>tentantiane</span> <span class='ocrx_word' id='word_1_285' title='bbox 1341 4861 1401 4924; x_wconf 87' lang='lat' dir='ltr'>est</span> <span class='ocrx_word' id='word_1_286' title='bbox 1433 4841 1648 4956; x_wconf 84' lang='lat' dir='ltr'>quaestio,</span> <span class='ocrx_word' id='word_1_287' title='bbox 1681 4863 1793 4952; x_wconf 77' lang='lat' dir='ltr'>quae</span> 
     </span>
     <span class='ocr_line' id='line_1_37' title="bbox 223 4951 1795 5076; baseline 0.004 -39"><span class='ocrx_word' id='word_1_288' title='bbox 223 5037 228 5047; x_wconf 77' lang='grc'><strong>,</strong></span> <span class='ocrx_word' id='word_1_289' title='bbox 416 4977 502 5038; x_wconf 80' lang='lat' dir='ltr'>eon</span> <span class='ocrx_word' id='word_1_290' title='bbox 524 4951 791 5058; x_wconf 78' lang='lat' dir='ltr'>infelicitatis,</span> <span class='ocrx_word' id='word_1_291' title='bbox 822 4966 1026 5064; x_wconf 84' lang='lat' dir='ltr'>miseriae,</span> <span class='ocrx_word' id='word_1_292' title='bbox 1059 4965 1130 5050; x_wconf 81' lang='lat' dir='ltr'>uei</span> <span class='ocrx_word' id='word_1_293' title='bbox 1150 4959 1476 5049; x_wconf 77' lang='lat' dir='ltr'>inferni-malurn</span> <span class='ocrx_word' id='word_1_294' title='bbox 1496 4964 1795 5076; x_wconf 75' lang='lat' dir='ltr'>apprehendit,¹</span> 
     </span>
     <span class='ocr_line' id='line_1_38' title="bbox 277 5078 1861 5204; baseline 0.009 -39"><span class='ocrx_word' id='word_1_295' title='bbox 277 5107 283 5126; x_wconf 77' lang='lat'><strong><em>¹</em></strong></span> <span class='ocrx_word' id='word_1_296' title='bbox 411 5078 486 5166; x_wconf 78' lang='lat' dir='ltr'>sed</span> <span class='ocrx_word' id='word_1_297' title='bbox 514 5079 661 5168; x_wconf 72' lang='lat' dir='ltr'>mdum</span> <span class='ocrx_word' id='word_1_298' title='bbox 685 5090 869 5195; x_wconf 82' lang='lat' dir='ltr'>peccati,</span> <span class='ocrx_word' id='word_1_299' title='bbox 902 5084 1022 5204; x_wconf 88' lang='lat' dir='ltr'>quod</span> <span class='ocrx_word' id='word_1_300' title='bbox 1053 5093 1243 5174; x_wconf 78' lang='lat' dir='ltr'>etiamen</span> <span class='ocrx_word' id='word_1_301' title='bbox 1275 5089 1472 5174; x_wconf 86' lang='lat' dir='ltr'>indorum</span> <span class='ocrx_word' id='word_1_302' title='bbox 1505 5091 1703 5174; x_wconf 89' lang='lat' dir='ltr'>sententia</span> <span class='ocrx_word' id='word_1_303' title='bbox 1729 5091 1789 5178; x_wconf 85' lang='lat' dir='ltr'>in·</span> <span class='ocrx_word' id='word_1_304' title='bbox 1856 5106 1861 5124; x_wconf 87' lang='lat'><strong><em>‘</em></strong></span> 
     </span>
    </p>
   </div>
   <div class='ocr_carea' id='block_1_3' title="bbox 0 0 2309 6274">
    <p class='ocr_par' dir='ltr' id='par_1_3' title="bbox 0 0 2309 6274">
     <span class='ocr_line' id='line_1_39' title="bbox 0 0 2309 6274; baseline 0 0"><span class='ocrx_word' id='word_1_305' title='bbox 0 0 2309 6274; x_wconf 95' lang='lat' dir='ltr'> </span> 
     </span>
    </p>
   </div>
  </div>
 </body>
</html>
