4552 6266
524 454 552 508 ο

457 457 631 646 ‘bannia
655 541 890 636 abbreviant
927 564 968 632 et
994 545 1169 634 dicunt:
1203 544 1593 668 Priptidlrltigrdma
1622 615 1633 642 .
1666 559 1725 646 Ita
1752 559 1832 646 bos.
1850 590 1876 644 a
1902 591 1979 678 quo

496 678 672 766 trabitur
692 699 861 770 cunas,
891 669 1067 758 dictant:
1099 673 1548 766 uditaratiinadbvan·
1585 712 1676 771 cum
1723 687 1773 770 ad
1810 688 1983 776 litteram

498 810 581 896 dici
605 804 783 894 debeata
814 793 1032 884 anadlvan
1068 798 1181 897 bos,
1208 802 1322 884 ratlta
1350 829 1513 904 currus,
1545 807 1651 894 uara
1673 809 1840 895 trahitur
1858 868 1871 904 ,
1882 841 1984 926 yeaa

499 960 635 1055 aquo
657 929 722 1016 vel
750 953 822 1042 per
850 951 1000 1040 quem.
1031 922 1184 1006 Similes
1214 926 1272 1009 his
1302 949 1396 1012 sunt
1428 938 1722 1020 contractiones
1747 959 1987 1047 sequentes·

625 1055 814 1261 Ubaltrdp
847 1051 971 1158 paslu
1003 1050 1162 1132 rudra:
1194 1050 1332 1136 Rudra
1360 1060 1379 1156 (
1409 1059 1520 1140 Deus
1551 1059 1720 1164 Silva)
1760 1063 1829 1144 cui
1866 1059 1985 1145 obla

687 1207 750 1266 tus
809 1203 889 1262 os
2030 1193 2034 1198 ·

627 1303 816 1394 Udltrdiau
830 1295 938 1385 dana
964 1295 1087 1382 stalis
1121 1297 1201 1384 olla
1230 1293 1353 1416 oryzi
1388 1329 1543 1390 vacua.
1602 1307 1608 1316 '

630 1430 724 1517 Viro
748 1421 962 1536 puruszact
976 1421 1146 1538 grimo:
1179 1423 1378 1508 districtus
1395 1430 1437 1510 in
1468 1457 1553 1542 quo
1575 1430 1757 1516 homines
1778 1429 1925 1518 fortes.

551 1645 562 1656 ,
627 1564 777 1660 Puszpa
798 1549 964 1634 dianva*
995 1547 1148 1634 kima:
1181 1549 1350 1662 Cupido
1385 1561 1401 1657 (
1433 1553 1578 1663 deus)
1622 1557 1739 1663 cujus
1783 1585 1898 1642 arcus
1942 1584 1992 1642 ex

689 1675 880 1764 floribus.

629 1799 904 1892 Kumbbiditni
921 1797 1004 1914 gt:
1038 1798 1172 1884 Vacca
1197 1797 1348 1883 habens
1378 1801 1504 1886 ubera
1533 1805 1747 1918 amphorae
1775 1807 1946 1892 similia.

630 1927 839 2026 r'sciina,
864 1925 1068 2020 niviala,
1100 1945 1252 2032 puszpa
1266 1981 1279 2020 ,
1290 1924 1431 2032 plaia,
1462 1945 1586 2028 tara,
1615 1927 1992 2014 vani-basbibltidi-

690 2050 852 2166 dyina,
886 2049 1284 2158 blumicanagaram.
1318 2047 1428 2132 Urbs
1450 2049 1599 2136 habens
1613 2054 1739 2138 Silvas
1768 2054 1819 2139 ad
1850 2080 1997 2138 recrea·

693 2181 845 2260 tionem
871 2175 1116 2268 relucentes,
1148 2169 1338 2274 floribus,
1370 2173 1581 2260 arboribus
1621 2199 1664 2261 et
1699 2175 1894 2264 fructibus
1929 2177 1995 2262 di·
2040 2247 2045 2256 .

695 2301 797 2383 versi
819 2300 977 2412 generis
1006 2296 1241 2406 praeclaris.

629 2417 809 2510 Tsclitra
834 2421 1015 2506 vividlra
1032 2441 1186 2526 puszpa
1205 2419 1411 2526 phalarum
1442 2422 1540 2508 irda
1567 2427 1708 2510 drama
1735 2420 1860 2508 stada
1890 2425 1996 2508 orda

692 2546 904 2659 sbiggltara
918 2547 1131 2651 parvada.
1166 2547 1288 2627 Mons
1312 2550 1470 2631 cinctus
1492 2573 1654 2635 centum
1689 2548 2001 2645 arboribus,ot·

548 2731 568 2761 ⁴
691 2694 887 2786 natusque
920 2671 1034 2754 variis
1057 2690 1096 2752 et
1133 2668 1308 2778 pulchris
1338 2667 1535 2758 fructibus
1569 2701 1613 2758 ac
1645 2671 1841 2758 floribus.
1877 2667 1934 2776 (i)

629 2795 788 2888 Adolati
815 2791 968 2906 avidya
995 2789 1116 2876 mina
1143 2792 1256 2876 ruinis
1280 2793 1505 2882 anubanra.
1536 2798 1645 2896 Vir,
1676 2797 1744 2882 cui
1771 2821 1855 2880 non
1881 2795 2000 2882 datur

691 2919 856 3006 similis.

632 3047 694 3159 Ex
723 3045 784 3130 his
804 3045 1024 3158 perspicis,
1052 3040 1169 3160 quod
1202 3043 1300 3128 varii
1329 3045 1441 3130 ca'sus
1467 3047 1508 3130 in
1541 3073 1669 3131 unum
1690 3045 1999 3132 Nominativum

452 3173 457 3180 ’
506 3196 736 3288 cogantur,
764 3199 837 3255 seu
866 3169 1029 3254 nomina
1061 3194 1168 3283 quae
1199 3171 1240 3256 vi
1270 3174 1589 3258 constructionis
1617 3173 1749 3256 varios
1792 3193 1904 3254 casus
1930 3194 2001 3279 po·

507 3303 721 3396 stularent,
752 3297 795 3378 in
827 3321 951 3380 unum
985 3295 1294 3378 Nominativum
1338 3317 1539 3382 transeant
1580 3297 1798 3410 elegantiae
1838 3296 2001 3404 gratia,

507 3451 612 3540 quae
640 3423 799 3535 linguae
825 3441 868 3502 et
894 3419 1069 3502 sermoni
1111 3419 1363 3528 rapiditatem
1397 3447 1443 3505 ac
1476 3422 1667 3526 majorem
1708 3416 2000 3504 volubilitatem

508 3545 697 3634 conciliat
723 3545 952 3699 praesertim
988 3543 1031 3626 in
1068 3541 1275 3627 uersibus.

610 3813 674 3915 (*)
725 3812 776 3884 Ex
796 3810 899 3886 rebus
925 3807 1152 3910 agrestibus,
1182 3811 1687 3910 simplicibus,natnralibus,
1714 3807 1905 3926 exquibus
1927 3807 1999 3906 pri-

512 3916 563 3994 mi
585 3933 748 3994 auctores
778 3913 883 4010 hujus
910 3911 1173 3987 Grammaticae
1201 3919 1363 4012 exempla
1393 3915 1592 3990 dictionum
1623 3933 1660 3988 et
1685 3911 1996 4010 comparationum

512 4017 663 4094 afferunt
681 4063 694 4104 ,
709 4033 835 4113 patet·
854 4017 943 4088 hanc
962 4014 1231 4113 grammaticam
1252 4019 1315 4134 sub
1338 4017 1481 4116 regibus
1505 4013 1592 4091 Para
1616 4039 1679 4088 seu
1698 4013 1999 4127 Pastoribus,an·

512 4123 617 4224 tiquo
644 4141 770 4214 nempe
795 4118 861 4190 illo
881 4115 1127 4210 simplicitatis
1154 4141 1241 4190 aevo
1255 4116 1330 4214 jam
1358 4118 1595 4216 compositam
1622 4115 1756 4202 fuisse3
1784 4139 1864 4187 nam
1892 4111 1930 4184 in
1954 4135 1996 4186 ea

509 4243 679 4322 persaepe
703 4241 917 4306 vaccarum,
940 4215 1065 4304 lactis,
1097 4218 1230 4307 boum,
1253 4237 1470 4308 taurorum,
1489 4221 1684 4305 arborum,
1717 4214 1924 4302 montium,
1945 4235 1997 4286 so·

510 4327 561 4400 lis
577 4345 615 4398 ct
643 4325 773 4408 lunae,
800 4341 999 4416 aquarum,
1032 4342 1192 4418 oryzae,
1223 4319 1445 4418 aliarumque
1473 4321 1688 4393 naturalium
1715 4341 1834 4393 rerum
1846 4312 1997 4390 mentio

511 4423 691 4511 occurrit,
716 4439 755 4496 ct
775 4422 820 4496 ab
847 4419 902 4496 his
922 4421 1113 4518 exempla,
1141 4439 1178 4494 et
1210 4421 1466 4498 similitudines
1496 4436 1693 4520 petuntur·

1070 4763 1453 4832 m
