4604 6274
477 500 565 585 290

426 654 435 659 -
542 628 635 697 sus3
668 623 807 712 prosa.
1266 589 1989 696 veli,uui,ce1ebrrssimius,co·

483 723 866 824 Vitschacambsza,
901 743 1014 806 error
1032 723 1074 806 in
1102 723 1201 809 scri·
1331 748 1415 806 mes
1436 743 1476 804 et
1503 719 1657 806 satelles
1686 717 1755 805 dei
1777 715 1954 804 Manae.
1981 731 1984 740 '

511 865 515 883 '
545 876 694 968 ptura,
725 851 868 948 libro,
905 850 1073 946 edicto,
1108 850 1201 932 elo·
1265 845 1378 948 Vall,
1410 844 1535 962 vulgi
1571 847 1698 930 ensis.

546 979 745 1062 cutione.
786 969 1200 1080 Vaitsolaciparcidia,
1246 971 1448 1070 Vimana
1470 1030 1484 1073 ,
1522 997 1679 1071 nanus,
1712 971 1950 1084 pigmaeus.

548 1102 683 1186 idem,
1266 1097 1451 1199 Virtam,
1484 1099 1668 1198 caelum,
1701 1121 1798 1180 aer.

483 1220 819 1338 ‚vada,·vldam,
842 1223 992 1321 dictio,
1009 1223 1166 1308 locutio
1187 1256 1201 1321 3
1267 1223 1458 1322 Vrinam,
1479 1225 1623 1308 simia.

418 1333 427 1348 '
548 1373 855 1464 argumentum,
877 1351 967 1432 hinc
986 1349 1204 1464 satyaoddi
1268 1347 1450 1448 Virtam,
1481 1351 1622 1461 sagitta
1652 1347 1755 1459 ignis
1779 1336 1989 1429 artificialis

550 1476 775 1568 veridicus,¹
804 1473 1020 1560 vedaoudi
1044 1477 1200 1590 legisla·
1282 1514 1284 1518 ·
1331 1504 1379 1558 ex
1406 1474 1569 1586 puluere
1595 1473 1711 1586 pyrio
1737 1469 1987 1581 composita,
2028 1501 2031 1510 ¹

377 1667 382 1690 ,
489 1593 503 1627 “
552 1622 643 1694 tots
662 1597 887 1708 porivcida,
916 1602 1068 1698 ironia,
1092 1604 1205 1686 vitu·
1331 1623 1374 1682 et
1401 1602 1442 1680 in
1470 1627 1602 1684 aerem
1618 1598 1726 1703 jacta.
1743 1652 1759 1676 .,

549 1727 710 1840 perium
728 1755 742 1818 3
776 1723 955 1808 nirvoida
974 1729 1076 1809 idem
1094 1757 1111 1821 ·„
1128 1727 1214 1808 nir-
1271 1725 1484 1824 Viuibha,
1506 1721 1676 1838 vanipa,
1697 1737 1876 1819 merces,
1893 1741 1987 1802 mec·

549 1847 654 1933 odoi
690 1849 732 1932 h,
764 1853 982 1932 taciturnus
1011 1881 1029 1945 3x
1070 1850 1177 1932 vcidi
1195 1911 1213 1953 ,¹
1334 1853 1554 1934 cimonium
1574 1880 1592 1945 3,
1615 1843 1825 1931 venulae.
1844 1867 1988 1930 mecca·

551 1977 739 2068 dictatum
753 1973 979 2058 monavoidi
991 1979 1092 2089 regis
1111 1985 1210 2061 Mu·
1271 2005 1276 2016 ’
1333 1995 1429 2071 tor3
1459 2004 1509 2060 ex
1542 1977 1619 2058 hoc
1652 1971 1863 2056 vocabulo
1895 1972 1987 2052 ine-

550 2130 602 2183 nu
628 2121 842 2212 praecepta
862 2101 1018 2184 moralia
1039 2161 1055 2185 ..
1148 2183 1151 2188 ,
1332 2099 1513 2212 Ρτίεείιηὲ
1539 2099 1713 2184 deducta
1747 2095 1829 2182 fuit
1860 2095 1987 2180 dictio

492 2226 676 2341 Valdyam
696 2285 708 2325 ,
743 2247 975 2340 tympanum
994 2280 1009 2323 ,
1029 2225 1103 2312 secl
1121 2251 1210 2312 nou
1330 2226 1487 2310 Baniau
1503 2283 1522 2326 ,¹
1538 2252 1622 2342 qua
1650 2222 1774 2338 aliqui
1794 2217 1990 2327 Europaei

549 2351 769 2434 militare.'
814 2385 816 2392 ·
1331 2353 1575 2437 Brahmaues.
1604 2345 1994 2463 insiguiuutsSunt

487 2474 681 2574 Vidaca,
714 2501 844 2588 equus
868 2475 1095 2562 locatitias.
1330 2503 1463 2562 autem
1500 2473 1716 2575 venilia,
1750 2501 1822 2560 seu
1854 2496 1988 2558 corru-

486 2597 627 2698 vada,
663 2601 834 2702 vallum,
865 2629 992 2716 agger·
1005 2605 1115 2688 circa·
1136 2628 1204 2686 ur·
1329 2605 1405 2716 pte
1431 2603 1588 2686 vdnian
1634 2624 1739 2685 certa
1790 2599 1987 2684 Indorum

549 2723 644 2808 bem
660 2757 675 2820 3.
699 2729 887 2824 moeniae.
908 2731 1001 2811 item
1028 2731 1207 2842 oggerio
1330 2731 1458 2813 tribus
1482 2789 1495 2830 ,
1524 2748 1772 2812 trsercaturae
1800 2724 1989 2808 addicta..

548 2847 658 2935 bello
675 2855 952 2948 sicemveotus
970 2855 1203 2965 septentrio·
1267 2853 1448 2968 Vikyom
1476 2911 1491 2952 ,
1524 2851 1677 2951 uerba,
1711 2852 1867 2950 dictio,
1892 2869 1987 2960 pro·

551 2975 672 3062 nalis.
706 2969 1071 3076 Hincvdducara,
1097 2999 1204 3065 terra
1327 2980 1548 3094 loquium.

547 3101 653 3200 alta,
678 3125 805 3188 strues
829 3131 877 3188 ex
911 3125 1037 3204 terra,
1054 3103 1203 3220 liguis,
1263 3101 1401 3206 Vara,
1439 3101 1605 3202 viram,
1635 3101 1815 3190 decimae
1840 3129 1855 3195 ·‚
1889 3101 1983 3183 item

546 3253 586 3313 et
612 3231 823 3312 stramine.
890 3271 895 3282 ·
968 3333 970 3340 y
1325 3259 1416 3347 pars
1462 3229 1669 3316 bonorum
1721 3226 1984 3342 agrestium,

484 3351 619 3450 Vita,
650 3353 859 3466 epilepsia,
884 3351 1051 3439 morbus
1071 3357 1204 3440 corni·
1326 3385 1430 3474 quae
1471 3355 1618 3441 laboris
1647 3379 1767 3440 causa
1801 3350 1983 3434 redditur

543 3478 670 3574 tialiss
697 3479 791 3563 item
824 3501 993 3564 ventus.
1236 3507 1277 3560 .·
1322 3482 1547 3598 agricolaes¹
1576 3484 1674 3566 item
1704 3479 1838 3592 portio
1877 3476 1979 3560 recli-

481 3599 631 3709 Vidji,
662 3630 819 3716 equus.
1068 3653 1076 3670 ν
1324 3633 1439 3691 tuum
1457 3663 1471 3706 ,
1489 3635 1610 3722 quam
1630 3605 1775 3720 accipit
1802 3603 1884 3717 agri
1903 3601 1977 3686 do·

481 3721 635 3834 Vijaua
653 3787 666 3828 ,
681 3723 862 3832 vijaoam
879 3785 890 3826 ,
909 3727 1059 3824 lectio,
1075 3755 1199 3839 gran·
1326 3735 1458 3816 miuus
1480 3791 1495 3814 .

543 3851 791 3954 claudiana,
822 3853 944 3938 lectio
970 3853 1199 3940 librorum.
1261 3853 1451 3956 vitraco,
1482 3859 1638 3958 numi,
1671 3857 1735 3941 vel
1775 3856 1977 3954 obsonia,

468 3975 615 4086 Viciu,
645 3999 818 4076 uentus,
848 4005 948 4064 aer.
1325 4011 1446 4098 quae·
1481 3986 1629 4068 damur
1673 3981 1900 4078 militibus,
1933 3998 1980 4066 ut

481 4099 798 4219 Vijubhagavalu
817 4160 830 4200 ,
864 4105 966 4187 deus
985 4107 1110 4188 aeris.
1323 4109 1495 4194 fideliter
1505 4111 1699 4196 serviant.
1732 4109 1829 4192 Nou
1848 4129 1906 4192 est
1917 4108 1982 4190 sti·

480 4227 782 4337 Vbjuctam,res
798 4249 1070 4329 controversa,
1091 4253 1196 4314 cort·
1262 4261 1267 4270 ·
1325 4237 1518 4346 pendium
1539 4295 1552 4320 .

542 4354 756 4438 troversia.
1262 4355 1359 4442 Valti
1392 4417 1406 4457 ,
1439 4362 1556 4458 litus,
1590 4363 1699 4470 ripa,
1739 4359 1834 4442 item
1866 4383 1977 4454 costa

480 4473 840 4592 Vrljuctamairgga,
867 4476 930 4562 lex
960 4499 1195 4563 controuer·
1322 4489 1505 4597 corporis
1536 4488 1676 4580 sitem
1708 4505 1895 4590 torrens3
1925 4487 1977 4572 si·

539 4605 697 4686 siarum.
715 4601 960 4688 vocabulum
975 4630 1060 4720 quo
1073 4605 1195 4687 Brai-
1322 4611 1465 4695 vulus.

538 4753 670 4811 manes
691 4727 1056 4843 insigniuntlegem
1076 4729 1196 4812 Chri·
1260 4733 1389 4834 Visa,
1424 4735 1641 4834 habitatio,
1672 4735 1848 4831 domus3
1879 4735 1977 4822 vose

539 4853 735 4953 stianam,
767 4854 882 4968 quod
900 4855 984 4966 ipsa
1013 4853 1106 4938 alias
1125 4881 1191 4937 re·
1321 4861 1551 4946 habitator.

538 4977 710 5091 ligiooes
738 5004 760 5064 a
783 4977 908 5064 salute
932 5001 1090 5066 aeterua
1119 5005 1192 5062 ex·
1257 4981 1448 5085 Visaol,
1481 4987 1611 5084 odor3
1645 5015 1733 5076 mos
1751 4986 1973 5074 vestiendi.

479 5175 482 5186 .
542 5103 699 5192 cludat·
1225 5105 1429 5214 -Vlsara,
1462 5113 1584 5200 dies.
