4544 6276
525 465 585 521 eo
1650 501 1655 509 ,

491 469 638 660 orso,
655 577 833 674 pausus,
851 545 1031 642 ubinam
1050 608 1061 638 .
1085 543 1215 642 Unde
1233 543 1439 671 stiiniro„
1454 552 1499 640 in
1521 545 1998 674 diguitattcoustitutus

481 667 775 795 urcundum,
805 683 1150 804 gebapustacam..
1564 809 1571 816 ν
1944 807 1950 812 ι

496 812 718 913 Sacerdos,
749 836 886 927 guru,
919 807 1141 922 pirdjatara
1167 809 1353 896 sacerdos
1379 808 1603 924 superior,¹
1621 805 1826 900 suestra.

494 941 753 1055 Episcopus,
787 931 1011 1050 oddapiia,
1044 931 1347 1032 vedasmeszta,
1381 935 1653 1034 Genadarsiri,
1685 938 1958 1031 addarairshi.
1999 1000 2002 1008 -

494 1067 630 1177 Papa,
648 1059 903 1161 vddatalava,
918 1056 1135 1154 servandda
1146 1114 1161 1157 ,
1182 1061 1413 1176 vidatipati,
1431 1057 1636 1178 viddgria,
1649 1064 2020 1184 vddapraruuccha,

498 1189 708 1286 Haeresis,
739 1183 1084 1300 abamirggiam,
1116 1185 1182 1278 lex
1205 1185 1325 1286 farsa,
1359 1191 1504 1298 apatira
1539 1191 1603 1275 via
1630 1187 1749 1279 iales.

502 1315 642 1401 Gratia
664 1313 778 1413 Dei,
807 1311 1117 1427 ,ddv·apr'asdda,
1150 1312 1435 1432 ddvagunam,
1470 1313 1718 1438 deivadayi.

496 1437 606 1560 ,me
635 1440 729 1540 lex,
762 1439 997 1558 satyavdds,
1018 1435 1177 1538 salvdda
1195 1443 1513 1540 ,susannem

491 1606 781 1723 Purgatorium
833 1592 1338 1739 firmissumum&
1362 1613 1835 1715 duritaharanasthaiam,
1853 1613 2021 1709 shudhi·

498 1765 723 1889 '‘'¹·p²aram,
754 1759 1194 1886 duritottarasrhalsm,
1228 1758 1666 1882 shudhicaiasthaiam.

496 1905 684 1996 Examen
712 1909 1008 2007 conscientiae,
1044 1908 1397 2008 hrtisirndhicaram
1428 1974 1441 2014 ,
1473 1913 1819 2036 irrtishddhyarn,
1850 1915 2018 2011 hrtisho·

566 2029 732 2131 dhara,
766 2029 1079 2151 uitschddyam,
1109 2039 1381 2150 hrtiprashna.

499 2155 765 2242 Providentia
785 2161 865 2252 Dei
889 2162 1149 2276 universalis,
1181 2164 1578 2274 samastashdsanam,
1612 2164 1880 2291 sarvapdlyam
1891 2231 1906 2278 ,
1926 2199 2013 2264 sar·

519 2279 524 2296 '
564 2286 781 2376 varakshd.

501 2401 545 2495 S.
561 2411 802 2527 Scriptura,
836 2414 1149 2540 Vddapusraca,
1183 2421 1512 2542 divyaldkhanam
1534 2486 1547 2528 ,
1578 2423 1892 2514 sarvdshavdda.

488 2537 802 2643 ,Remunerator
829 2547 968 2651 Deus,
1000 2551 1349 2664 shiszraparipdla,
1372 2555 1783 2654 rakshashikshicara,
1802 2557 1953 2642 rekshi.

501 2662 754 2784 Epiphania,
788 2671 1053 2762 manifestatio
1088 2681 1198 2776 Dei,
1232 2678 1707 2794 deuprddurbhdvam.

500 2787 719 2875 Promissio
743 2796 844 2896 Dei,
878 2801 1013 2885 divina
1041 2805 1259 2915 promissa,
1293 2808 1640 2922 Diivaprdctam.

492 2901 750 3029 Baptismus,
781 2923 993 3038 βαπτισμῧς
1016 2986 1029 3024 ,
1054 2929 1259 3042 βάπτισμα
1289 2933 1429 3016 mersio
1458 2993 1470 3034 ,
1503 2935 1681 3033 ablutio,
1712 2933 1793 3019 dic'
1814 2929 2019 3018 demarrad-

490 3027 519 3056 ”
562 3067 657 3123 nam
676 3044 832 3132 animae
850 3047 1035 3150 ablutio,
1053 3053 1341 3168 veispiritualis
1352 3059 1508 3148 ablutio
1526 3120 1539 3162 ,
1556 3057 1872 3164 didnasnrinam,
1893 3063 2016 3147 idem.
2058 3092 2063 3099 ·

500 3161 689 3252 Extrema
714 3173 883 3278 unctio,
916 3177 1426 3298 tschara'mapiuschanam,
1461 3188 1892 3303 tscharamapiuschsi,
1922 3185 2020 3278 vite·

563 3317 704 3378 vanam
727 3355 739 3379 .

501 3407 799 3525 Confirmatio,
833 3425 1255 3544 purvapiuschanam,
1287 3437 1332 3526 id
1354 3460 1441 3544 est,
1474 3443 1589 3558 prior
1623 3443 1795 3534 unctio,
1827 3437 2015 3529 Piuvavi·

564 3542 773 3646 secanam,
801 3551 942 3636 idem.

492 3659 755 3771 ¹Abstinentia
784 3698 806 3817 a
838 3702 957 3765 carne
983 3703 1024 3766 et
1052 3684 1256 3798 piscibus,
1288 3689 1721 3802 shudhabhddjanam.
1759 3699 1823 3806 (1)

604 3894 668 3996 (r)
720 3893 1086 4009 ddudhabdddy'cuom
1102 3927 1155 3988 est
1180 3914 1359 3991 comestio
1377 3919 1508 3995 munda
1520 3967 1535 4010 ,
1558 3945 1652 4020 quae
1681 3920 1825 4022 pisces,
1839 3936 2014 4008 carnems'

454 4057 459 4062 .
504 4007 540 4068 et
564 3999 774 4098 sanguinem
802 4010 985 4100 excludit,
1014 4031 1124 4112 atque
1151 4020 1206 4090 iac
1220 4067 1233 4107 ,
1253 4021 1457 4120 butyrum,
1482 4049 1658 4126 oryzam,
1686 4023 1846 4116 fruetus,
1865 4023 2012 4110 herbas,

499 4100 628 4192 olera,
656 4121 692 4176 er
720 4106 855 4186 radices
878 4115 1161 4208 complectitur.
1181 4123 1368 4222 Congruit
1393 4148 1480 4224 ergo
1511 4127 1580 4201 hoc
1608 4155 1741 4205 nomen
1768 4123 2012 4204 abstinentiae

500 4195 740 4296 christianae,
768 4213 939 4313 quamvis,
958 4217 1071 4314 dictio
1091 4221 1167 4318 ipsa
1184 4247 1228 4297 ex
1248 4225 1423 4320 gentilico
1449 4227 1620 4307 instituto
1636 4237 1743 4309 fluat·
1783 4232 1945 4309 Variana
1957 4242 2011 4300 &t

484 4301 646 4396 diaeta,
674 4309 866 4387 ubovdrurn
891 4314 1090 4412 jejunium
1121 4349 1212 4421 qnae
1238 4326 1309 4401 tria
1335 4327 1433 4403 inter
1455 4355 1496 4406 se
1522 4335 1698 4438 distingui
1733 4341 1896 4415 debent·
1925 4327 2010 4403 Veri

500 4411 726 4502 grammatici
755 4411 908 4489 officium
937 4437 1020 4512 est,
1046 4447 1118 4496 non
1141 4429 1259 4500 soium
1288 4427 1473 4508 literarum
1499 4453 1537 4508 et
1571 4461 1699 4514 vocum
1731 4441 1896 4540 peritiam
1913 4482 1926 4523 2
1946 4431 2011 4550 ⁸⁸5¹

499 4505 918 4623 etiamiuteiiigentiam
947 4527 1140 4603 verborum
1172 4545 1210 4603 et
1235 4535 1416 4609 sermonis
1460 4536 1607 4630 totius,
1637 4547 1884 4643 cognitionem
1919 4552 2012 4611 eutr·

500 4609 676 4724 quitatis,
702 4615 934 4700 historiarum
950 4674 965 4715 ,
979 4627 1180 4706 fabularum
1198 4633 1455 4725 ,carminum,
1484 4641 1642 4742 denique
1669 4668 1829 4726 veterum
1840 4653 2008 4729 omnium

499 4727 716 4807 scriptorum
749 4719 1090 4819 interpretationem
1119 4735 1288 4810 tradere.
1313 4741 1373 4812 nd
1388 4737 1457 4812 hoc
1482 4759 1602 4820 autem
1627 4754 1835 4846 cumprimis
1865 4778 2007 4832 necesse
2095 4833 2096 4836 ,

498 4831 575 4902 est,
599 4814 743 4900 ,viribus
765 4827 936 4902 omnibus
958 4833 1199 4926 adlaborare,
1229 4857 1270 4911 ut
1298 4839 1379 4936 quis
1395 4843 1638 4925 orthodoxam
1660 4855 1866 4934 dictionum
1900 4857 2008 4960 signi·

494 4909 707 5010 ficationem
725 4943 962 5022 assequatur,
991 4931 1075 5033 qua⁴
1089 4935 1235 5033 quidem
1266 4939 1417 5016 scientia
1434 4947 1601 5042 labente,
1628 4958 1769 5056 reliqua
1792 4959 1914 5035 omnia
1936 4958 2006 5035 labi

494 5037 530 5090 et
555 5024 712 5118 perverti
740 5049 989 5120 uecesseest·
1023 5037 1118 5112 Hinc
1145 5037 1233 5113 falsa
1262 5043 1462 5143 dogmata,
1492 5051 1817 5154 interpretationes
1844 5079 2010 5159 praeran-

489 5119 590 5198 cidas
603 5171 618 5215 ,
645 5147 802 5230 systema
829 5137 949 5230 uaria,
973 5139 1049 5218 risu
1073 5161 1110 5217 et
1138 5143 1323 5223 cachinnis
1353 5152 1593 5254 surripienda⁴
1632 5163 1791 5251 Celebre
1815 5167 1881 5244 uae
1907 5167 1948 5244 iu
1970 5191 2010 5244 re
2147 5199 2151 5208 ’
2251 5159 2252 5212 ³
