4604 6274
337 607 428 724 giae
456 602 712 702 parisiensis,
745 598 871 716 qualis
897 617 987 700 est,
1022 600 1063 684 ni
1095 595 1239 704 failor,
1272 603 1377 688 inter
1415 601 1579 692 Indicos
1618 603 1728 692 codd.
1753 509 1846 695 irrisi

339 762 452 820 num.
471 763 543 842 79.
580 726 777 818 Givritma
804 729 1337 832 Paramirmasanvedam,
1369 759 1450 816 una
1482 759 1576 817 cum
1590 733 1845 844 .Givaprabd·

336 860 454 961 dica,
488 881 529 944 er
558 861 662 943 inter
687 852 976 970 Anglicanos,
1008 858 1080 972 qui
1112 862 1245 972 regiae
1285 859 1475 943 Societati
1513 861 1639 946 oblati
1677 856 1791 946 fuere
1823 887 1846 946 a

334 989 391 1072 D.
422 973 590 1084 iones‚'
608 983 691 1068 cod.
724 981 850 1063 ciart.
884 1010 994 1068 num.
1027 1012 1103 1092 41.
1143 983 1337 1070 Sidlrdnta
1362 985 1559 1072 crumudi
1601 986 1847 1100 inscriptus.

334 1114 708 1197 intermeante.
740 1110 873 1192 Musei
920 1110 1110 1223 Borgiani
1149 1138 1348 1196 numm.
1386 1113 1692 1227 Compendium
1728 1113 1849 1227 Legis

336 1243 621 1324 Barmanorum
646 1261 677 1320 a·
693 1232 942 1348 Philosopho
987 1237 1180 1351 Peguano
1219 1233 1505 1355 Mahatabarsi
1544 1235 1845 1352 Dhermardgia

335 1372 444 1449 Guru
480 1364 752 1476 compositum
784 1361 1000 1448 codicibus
1024 1362 1274 1449 bambacinis
1308 1385 1574 1452 accensetur.
1606 1365 1688 1452 Sed
1714 1366 1847 1486 splen·

334 1491 437 1577 dore
465 1515 504 1574 et
540 1492 742 1592 majestate
767 1513 957 1574 ornnesa
989 1490 1111 1575 nobis
1144 1495 1364 1578 recensitos
1392 1495 1555 1579 codices
1583 1494 1707 1578 vincit
1741 1491 1846 1576 liber

332 1617 547 1731 Peguanus
581 1621 814 1699 Kammuva
845 1615 1090 1729 inscriptus,
1123 1622 1197 1733 qui
1220 1601 1377 1734 regulas
1398 1619 1581 1726 continet
1608 1613 1845 1726 Talapoino·

332 1771 422 1828 rum
453 1745 502 1830 ad
533 1743 761 1832 institurum
788 1769 905 1830 suum
932 1766 1188 1856 spectantes.
1224 1749 1404 1858 Scriptus
1436 1767 1496 1828 est
1515 1747 1559 1830 in
1586 1742 1660 1828 ilis
1687 1745 1844 1850 inaurae

329 1861 389 1952 tis'
406 1871 633 1956 charactere
658 1868 857 1982 quadrato
881 1871 1072 1984 Peguano
1093 1874 1214 1984 nigro
1227 1901 1280 1974 ¹err
1296 1871 1541 1955 tenacissima
1560 1871 1724 1956 vernice
1745 1895 1846 1956 con·

326 1991 463 2097 secto,
481 2024 567 2112 quo
587 2021 729 2080 omnes
753 2019 896 2118 eorum
929 1997 1030 2082 sacri
1054 1997 1218 2080 codices
1253 2019 1495 2082 exarantur.
1527 1999 1588 2081 Ex
1618 1995 1700 2082 hoc
1727 1995 1844 2106 codi-

329 2149 376 2206 ce
402 2149 481 2236 ego
507 2123 631 2208 multa
668 2122 846 2232 excerpsi
878 2147 993 2202 num.
1013 2149 1066 2200 va.
1103 2147 1195 2234 pag.
1218 2125 1291 2224 85.
1335 2123 1376 2209 in
1415 2147 1507 2204 meo
1545 2120 1746 2233 opusculo
1779 2123 1844 2204 in·

325 2251 505 2360 scripto:
537 2244 677 2333 Musei
709 2244 899 2357 Bor‘gr'ant‘
934 2243 1093 2327 Velitris
1132 2246 1292 2332 Codices
1328 2247 1606 2364 Manuscriptr'
1637 2253 1840 2344 Avensa,

325 2374 501 2488 Peguani
514 2433 527 2472 ,
561 2369 751 2468 Siamici,
782 2369 1035 2454 Melabarici
1049 2427 1064 2470 ,
1095 2371 1304 2456 Indosrani
1319 2429 1335 2470 ,
1366 2373 1521 2455 Romae
1560 2395 1693 2478 1793.

451 2499 505 2581 V.
569 2497 823 2584 Laminarum
859 2521 954 2578 usus
980 2497 1266 2614 inscribendo
1294 2500 1402 2610 apud
1433 2498 1562 2582 Indos
1595 2521 1680 2582 non
1710 2490 1842 2607 infre-v

324 2651 457 2744 quens
492 2649 627 2739 neque
658 2613 814 2707 novus.
830 2622 1036 2707 Laminam
1060 2649 1250 2738 cupream
1264 2623 1590 2735 Monguirensem
1613 2624 1840 2738 inscriptio.

327 2779 379 2836 ne
404 2750 715 2836 Samscrdamica
746 2749 945 2862 insignem
975 2750 1054 2857 jam
1097 2777 1215 2864 supra
1245 2745 1515 2835 indicavimus
1544 2807 1556 2832 .
1582 2751 1647 2839 Ea
1679 2773 1836 2840 exarata

325 2877 404 2964 fuit
433 2876 511 2962 sub
546 2903 643 2994 rege
668 2873 886 2982 Divapcila
902 2933 924 2977 ,.
949 2878 1020 2992 qui
1045 2878 1086 2961 in
1118 2875 1335 2992 Monguiri
1360 2878 1410 2963 ad
1443 2878 1628 2992 Gangem
1654 2881 1841 2990 regnavit

325 3029 438 3090 anno
469 3034 576 3085 xxras.
600 3023 693 3088 ante
721 3003 871 3087 Christ.
895 3003 1016 3103 Nau,
1051 3005 1168 3116 quod
1186 3004 1417 3089 luculenter
1438 3003 1568 3118 liquet
1595 3023 1646 3086 ex
1676 3001 1848 3106 Catulo<

325 3155 384 3244 go
419 3132 578 3244 Regum
615 3126 813 3238 Bengalae
850 3127 903 3212 ab
947 3130 1185 3215 academicis
1211 3128 1355 3245 Anglis
1384 3125 1717 3214 Calcuttensibus
1745 3155 1842 3244 pro·

325 3257 484 3358 ducto.
517 3257 670 3339 Eadem
699 3255 846 3338 lamina
875 3253 1091 3340 secumsert
1118 3283 1246 3341 aetam
1274 3260 1379 3372 regis
1411 3253 1700 3358 Vicramdditja
1716 3310 1731 3352 ,
1763 3261 1837 3373 q'ui

326 3381 431 3466 obiit
461 3407 572 3466 anno
603 3407 676 3486 57.
699 3403 793 3464 ante
816 3369 966 3466 Christ.
989 3381 1144 3467 Natum
1167 3411 1182 3478 ·‚
1215 3385 1332 3498 quod
1365 3383 1514 3495 pariter
1540 3401 1652 3494 patet
1681 3406 1732 3464 ex
1758 3386 1843 3468 Ca·

325 3509 466 3622 talogo
499 3509 642 3624 regum
671 3507 810 3592 indiae
841 3531 862 3590 a
893 3502 1117 3592 Tedzkerar
1138 3507 1346 3596 Assalarin
1373 3510 1533 3622 prolato
1564 3565 1576 3592 .
1608 3505 1677 3592 Ab
1720 3503 1839 3593 obitu

325 3633 451 3737 hujus
480 3639 583 3749 regis
612 3627 901 3735 Vikramdditja
921 3661 1027 3722 nova
1054 3636 1252 3722 Indorum
1277 3663 1366 3721 aera
1386 3634 1598 3745 incoepit,
1629 3631 1843 3748 quaesere

327 3758 369 3840 in
402 3760 596 3844 omnibus
618 3759 887 3844 Brahmanicis
916 3766 1192 3847 monumentis
1218 3765 1448 3874 repetitur.
1481 3763 1547 3844 De
1577 3787 1623 3843 ea
1655 3757 1841 3865 uibrans,

328 3885 383 3968 D.
408 3881 561 3980 lones,
594 3885 819 3966 Tedzkerat
850 3881 1078 3983 Assalatin,
1110 3889 1153 3967 P.
1181 3891 1344 3970 Marcus
1372 3883 1613 3981 aTumba,
1647 3881 1844 4001 Anqueril

330 4012 386 4094 du
422 4010 597 4115 Peron,
631 3999 769 4091 etalii
813 4031 985 4111 omnes,
1020 4013 1092 4124 qui
1123 4013 1281 4096 Indicas
1308 4037 1370 4094 res
1406 4011 1650 4123 attigerunt,
1683 4033 1842 4126 agunt.

330 4136 487 4252 Nequit
515 4159 614 4248 ergo
645 4135 745 4217 haec
781 4159 871 4217 aera
908 4139 951 4220 in
985 4137 1159 4222 dubium
1184 4142 1361 4235 uocari,
1396 4160 1486 4218 nam
1518 4136 1571 4219 ira
1601 4153 1708 4220 certa
1752 4159 1845 4240 est,

331 4285 378 4347 ut
400 4285 507 4346 certa
544 4283 586 4343 et
617 4259 788 4345 indubia
818 4285 878 4345 est
908 4265 1085 4378 Augusti
1116 4266 1328 4350 Octaviani
1354 4262 1535 4346 Caesaris
1565 4285 1672 4344 mors
1687 4281 1739 4346 et
1767 4288 1841 4345 na·

293 4459 297 4469 .
332 4393 489 4474 tivitas.
521 4381 629 4473 Ante
660 4412 787 4471 aeram
823 4387 1144 4492 Virramsiditjae‚
1166 4389 1285 4507 Regis
1315 4381 1474 4490 udien‚'
1506 4387 1598 4470 Indi
1626 4413 1715 4472 asra
1739 4387 1845 4502 regis

210 4581 251 4614 '·
336 4531 613 4681 smdbdrsffim
649 4553 900 4645 inanimum
934 4563 1183 4662 utebantur,
1217 4583 1320 4677 quae
1350 4563 1391 4642 in
1417 4559 1533 4645 obitu
1566 4556 1669 4672 regis
1709 4555 1845 4640 Vikra·

336 4724 532 4830 modiciae
571 4755 706 4838 3044.
743 4755 943 4816 annorum
966 4732 1118 4822 circulo
1148 4727 1446 4815 definiebatur.
1480 4731 1574 4814 Erat
1597 4723 1845 4812 Judhisirrira

338 4853 579 4966 praecipuus
617 4859 896 4940 Pandauarum
931 4859 1051 4958 dux,
1084 4858 1158 4972 qui
1197 4858 1335 4939 iterata
1376 4880 1514 4967 pugna
1544 4851 1842 4954 Durjridhanam

339 4980 437 5060 vicit
472 4999 512 5061 et
535 4980 802 5087 compressit.
835 4985 900 5064 De
923 5009 1010 5096 quo
1036 4984 1145 5068 bello
1174 5003 1300 5068 exstat
1329 4981 1664 5094 elegantissimum
1697 5000 1845 5086 poema

343 5106 517 5218 Epirum
546 5103 931 5205 Samscrdamicum,
965 5109 1081 5225 quod
1114 5134 1193 5224 ego
1231 5135 1346 5222 saepe
1388 5109 1429 5190 in
1473 5105 1546 5190 hac
1578 5103 1846 5188 Grammatico

1415 5275 1538 5358 Tta
