4552 6266
265 565 407 664 cundo
425 627 439 670 ,
455 588 616 682 tempus
633 563 809 682 elapsum
830 563 982 652 indicat
997 561 1165 666 verbum
1186 557 1308 674 lang,
1328 555 1378 644 m
1397 619 1409 664 ,
1429 559 1552 676 lunge
1571 565 1650 652 tria
1662 471 1773 654 enini

265 691 417 784 habent
439 695 674 808 praeterita,
705 719 850 803 nempe
876 693 1080 804 primum,
1111 687 1337 772 secundum
1366 709 1409 772 ει
1433 690 1628 774 tertium.
1655 697 1766 804 Lang

263 842 322 907 est
349 821 549 932 primum,
581 817 630 898 iii
658 816 883 900 secundum
914 871 928 912 ,
955 813 1050 924 long
1087 835 1145 896 est
1173 811 1364 894 tertium.
1404 813 1662 924 Imperatiuos
1679 841 1764 902 ¹seu

264 945 469 1056 optativos
497 939 646 1025 habent
674 962 772 1037 tres,
807 964 983 1054 quorum
1012 937 1161 1049 primus
1189 933 1389 1020 indicatur
1417 963 1487 1049 per
1515 935 1597 1034 iri,
1623 963 1764 1023 secun·

262 1069 339 1153 dus
375 1093 446 1176 per
469 1065 579 1176 ilng,
608 1066 748 1148 -tertius
780 1062 985 1180 denique,
1007 1062 1079 1174 qui
1107 1080 1165 1142 εει
1192 1059 1447 1170 imperativus
1470 1089 1541 1146 seu
1561 1064 1762 1172 optativus

263 1190 544 1306 permissivus,
576 1209 737 1272 notatur
757 1213 827 1296 per
853 1185 1080 1296 asirirling.
1113 1185 1171 1266 Ita
1199 1183 1344 1295 pariter
1372 1185 1444 1268 tria
1473 1181 1633 1285 futura,
1656 1213 1764 1274 nem·

261 1343 313 1426 pe
330 1314 503 1426 primum
533 1312 592 1393 lul
604 1369 616 1409 ,
643 1311 869 1416 secundum
895 1308 983 1419 teng
1006 1336 1074 1392 seu
1094 1307 1232 1416 lirng,
1265 1328 1305 1388 et
1318 1309 1479 1394 tertium
1501 1309 1556 1391 trt
1573 1335 1644 1394 seu
1664 1309 1738 1392 tire
1749 1371 1760 1395 .

260 1440 437 1547 Tempus
460 1459 644 1547 praeseus
674 1457 844 1520 vocatur
871 1431 1144 1528 ornamina,
1176 1451 1222 1514 ιιι
1245 1429 1351 1528 dixi,
1377 1433 1641 1518 Praeteritum
1660 1433 1761 1518 biru-
1852 1455 1855 1464 ’

261 1562 387 1658 dam,
418 1559 641 1670 imperandi
673 1558 818 1642 modus
850 1558 997 1668 dicitur
1028 1553 1182 1652 vidiri,
1216 1553 1378 1650 idest,
1410 1557 1534 1662 jussio
1551 1615 1565 1658 ,
1604 1585 1763 1669 praece·

260 1681 735 1798 prum,ve1asirirvidiri
756 1681 798 1767 id
819 1702 903 1778 est,
924 1679 1133 1761 benedictio
1159 1675 1290 1790 aliqua
1308 1678 1499 1782 jussoria,
1515 1703 1559 1766 ut
1572 1679 1760 1766 sicubiam

259 1824 381 1902 astu,
413 1800 506 1889 felix
534 1811 611 1890 sit.
639 1809 837 1891 Futurum
859 1827 1027 1888 vocatur
1055 1799 1184 1890 binivr'
1203 1799 1266 1886 vel
1285 1799 1582 1922 biaviszyadI.
1616 1806 1760 1894 Totarn

259 1934 364 2020 hanc
378 1930 681 2043 explicationem
706 1925 1173 2016 Brahmanesincludunt
1201 1921 1438 2086 hisciuobus
1462 1928 1759 2018 uersibusSam·

263 2053 524 2142 scrdamicis.

450 2181 524 2263 Lai
544 2179 809 2282 vartamani,
835 2179 929 2292 lang
947 2237 960 2278 ,
977 2179 1032 2262 rit
1044 2237 1057 2280 ,
1077 2177 1174 2288 iung
1197 2174 1353 2261 baudi
1343 2231 1357 2272 ,

449 2305 525 2386 Lat
537 2364 551 2406 ,
575 2306 652 2386 Jirl
673 2306 780 2387 ischa
814 2303 1017 2412 bicorni,
1041 2299 1272 2416 raidiryridau

449 2429 547 2527 Lol,
568 2429 707 2540 lingau
729 2429 944 2538 lirngtsrica
977 2424 1061 2508 crin
1089 2424 1304 2539 niszpadya
1328 2422 1569 2508 sambram.

381 2553 577 2636 Personae
604 2553 793 2635 dicuntur
812 2559 1012 2646 Purusza,
1042 2547 1104 2632 vel
1137 2551 1299 2646 Karta,
1332 2571 1373 2632 et
1395 2567 1489 2632 sunt
1518 2571 1625 2632 tres.

294 2725 339 2766 f
383 2675 540 2774 Prima,
565 2701 670 2790 quae
696 2672 812 2757 nobis
839 2675 983 2770 tertia,
1013 2687 1182 2758 vocatur
1202 2672 1411 2776 pratiama
1421 2695 1628 2779 purusza.

355 2799 611 2894 -,Securrda
644 2823 747 2911 quae
781 2797 898 2883 uobis
927 2797 1066 2886 itidem
1100 2797 1308 2894 secunda,
1337 2797 1486 2882 dicitur
1516 2797 1754 2915 madiyanra

254 2944 458 3028 pururzae,
486 2922 640 3018 idest,
671 2919 801 3002 media
836 2943 1030 3028 persona.

382 3046 540 3144 Tertia,
571 3070 675 3158 quae
704 3042 821 3128 nobis
837 3045 1006 3156 prima,
1018 3065 1274 3160 nuncupatur
1292 3061 1451 3128 uttam
1484 3065 1683 3152 purusne,
1710 3048 1752 3136 id

252 3188 345 3270 εει,
367 3169 540 3277 optima,
565 3167 761 3282 praeclara
778 3189 941 3276 persona
964 3225 976 3250 .

384 3293 550 3376 Numeri
578 3315 672 3376 suut
701 3315 807 3389 tres,
832 3293 1144 3392 ecavarscnana,
1162 3291 1202 3376 id
1222 3314 1302 3391 est,
1329 3291 1525 3394 verbum,
1551 3319 1680 3379 sermo
1698 3293 1750 3380 de

257 3439 374 3498 uno
402 3417 711 3504 Dvr’vatsciaana
741 3441 872 3530 sermo
895 3417 945 3501 de
977 3415 1167 3504 duobus
1201 3416 1568 3518 amuvaescaana,
1613 3444 1748 3518 ¹sermo

254 3537 308 3622 de
332 3537 540 3650 pluribus.

380 3661 516 3778 Agens
539 3665 688 3750 dicitur
715 3627 878 3760 karta,
904 3666 1008 3750 actio
1034 3659 1186 3778 Krryu,
1209 3689 1314 3776 opus
1337 3667 1511 3750 Korma.
1543 3663 1750 3766 Verbum,

251 3787 369 3904 quod
397 3788 562 3884 denotat
585 3790 811 3908 actionem,
841 3787 989 3873 dicitur
1015 3787 1276 3886 sakarmca,
1310 3789 1425 3904 quod
1467 3791 1613 3876 nullam
1629 3845 1643 3888 ,
1679 3817 1750 3936 seu

253 3911 505 4022 passionem,
538 3913 782 3996 ciamare..

378 4035 512 4120 Verba
539 4063 641 4149 quae
671 4033 894 4150 significant
923 4037 1123 4118 actionem
1150 4037 1196 4116 in
1217 4033 1323 4120 aliud
1351 4035 1451 4150 quid
1470 4037 1655 4134 tertium,
1680 4061 1747 4121 vo·

252 4179 396 4241 cantur
416 4161 745 4275 Parasmeypada3
768 4161 1062 4276 quaeindicant
1080 4161 1280 4242 actionem
1311 4163 1353 4242 in
1373 4163 1572 4273 propriam
1593 4163 1745 4273 agentis

251 4305 460 4392 personam
483 4339 498 4387 ,
522 4281 811 4390 armanipada,
833 4311 936 4397 quae
961 4282 1094 4368 ambas
1134 4279 1442 4398 significationes
1470 4311 1541 4369 seu
1564 4287 1743 4370 actiones

253 4404 471 4491 includunt
499 4407 691 4492 dicuntur
714 4406 997 4524 ubhayapada.

371 4531 582 4616 Praeterita
608 4534 709 4630 tria,
722 4551 762 4616 er
784 4526 907 4616 futuri
937 4553 1012 4613 tres
1034 4533 1262 4676 promiscue
1292 4534 1471 4644 usurpari
1503 4514 1673 4646 possunt
1699 4535 1742 4618 in

249 4657 456 4752 carmine,
483 4653 554 4738 sed
585 4658 735 4740 nonin
764 4681 912 4767 prosa,
944 4653 1015 4739 ubi
1034 4657 1162 4762 major
1185 4655 1286 4739 ratio
1316 4677 1543 4769 temporum
1557 4657 1742 4742 habenda

252 4795 333 4876 est,
365 4799 405 4862 et
426 4777 617 4891 distingui
647 4778 769 4863 debet
801 4779 1056 4889 praeteritum
1081 4779 1206 4866 modo
1227 4779 1434 4890 elapsum,
1459 4781 1595 4894 paullo
1623 4803 1739 4866 antea

248 4899 456 5012 elapsum,
489 4921 530 4986 ει
551 4901 706 4987 <iudum
743 4927 857 4986 antea
880 4901 1104 4989 effluxum.
1134 4905 1193 4986 Ita
1221 4900 1432 4989 defuturis
1454 4905 1706 4990 sentiendum
1728 4961 1739 4984 .
1850 4929 1853 4937 ·

371 5025 567 5110 Personae
597 5025 824 5114 indicantur
846 5053 918 5140 per
936 5058 980 5112 sa
996 5027 1090 5130 ille,
1124 5045 1241 5112 tuam
1260 5049 1302 5112 tu
1316 5083 1330 5126 ,
1360 5028 1477 5113 aiam
1503 5053 1612 5143 ego,
1645 5029 1740 5114 dua·

946 5193 952 5202 ·
1379 5155 1413 5232 K
