<?xml version="1.0" encoding="UTF-8"?>
<!DOCTYPE html PUBLIC "-//W3C//DTD XHTML 1.0 Transitional//EN"
    "http://www.w3.org/TR/xhtml1/DTD/xhtml1-transitional.dtd">
<html xmlns="http://www.w3.org/1999/xhtml" xml:lang="en" lang="en">
 <head>
  <title>
</title>
<meta http-equiv="Content-Type" content="text/html;charset=utf-8" />
  <meta name='ocr-system' content='tesseract 3.04.00' />
  <meta name='ocr-capabilities' content='ocr_page ocr_carea ocr_par ocr_line ocrx_word'/>
</head>
<body>
  <div class='ocr_page' id='page_1' title='image "./vycaranaseulocu00bartgoog_0186.png"; bbox 0 0 4544 6276; ppageno 0'>
   <div class='ocr_carea' id='block_1_1' title="bbox 346 523 1821 737">
    <p class='ocr_par' dir='ltr' id='par_1_1' title="bbox 346 523 1821 737">
     <span class='ocr_line' id='line_1_1' title="bbox 346 523 1821 737; baseline 0.008 -33"><span class='ocrx_word' id='word_1_1' title='bbox 346 615 441 705; x_wconf 67' lang='lat' dir='ltr'>›lam</span> <span class='ocrx_word' id='word_1_2' title='bbox 460 621 504 704; x_wconf 90' lang='lat' dir='ltr'>in</span> <span class='ocrx_word' id='word_1_3' title='bbox 529 616 719 706; x_wconf 83' lang='lat' dir='ltr'>monibus</span> <span class='ocrx_word' id='word_1_4' title='bbox 739 640 922 737; x_wconf 69' lang='lat' dir='ltr'>gestasse</span> <span class='ocrx_word' id='word_1_5' title='bbox 936 627 944 652; x_wconf 91' lang='grc'>’·</span> <span class='ocrx_word' id='word_1_6' title='bbox 958 611 1712 728; x_wconf 73' lang='lat' dir='ltr'>Trebatusiludis&#39;,4.manuslntbeos</span> <span class='ocrx_word' id='word_1_7' title='bbox 1734 523 1821 716; x_wconf 51' lang='lat' dir='ltr'>bes?</span> 
     </span>
    </p>
   </div>
   <div class='ocr_carea' id='block_1_2' title="bbox 364 747 1891 992">
    <p class='ocr_par' dir='ltr' id='par_1_2' title="bbox 364 747 1891 992">
     <span class='ocr_line' id='line_1_2' title="bbox 364 747 1891 870; baseline 0.007 -40"><span class='ocrx_word' id='word_1_8' title='bbox 364 747 477 854; x_wconf 63' lang='lat' dir='ltr'>Haec</span> <span class='ocrx_word' id='word_1_9' title='bbox 506 751 646 832; x_wconf 89' lang='lat' dir='ltr'>omnia</span> <span class='ocrx_word' id='word_1_10' title='bbox 670 751 789 833; x_wconf 90' lang='lat' dir='ltr'>unius</span> <span class='ocrx_word' id='word_1_11' title='bbox 815 747 977 832; x_wconf 74' lang='lat' dir='ltr'>deitatis</span> <span class='ocrx_word' id='word_1_12' title='bbox 1007 747 1327 846; x_wconf 79' lang='lat' dir='ltr'>nominarunt,</span> <span class='ocrx_word' id='word_1_13' title='bbox 1362 769 1407 830; x_wconf 89' lang='lat' dir='ltr'>et</span> <span class='ocrx_word' id='word_1_14' title='bbox 1438 775 1584 870; x_wconf 83' lang='lat' dir='ltr'>rerum</span> <span class='ocrx_word' id='word_1_15' title='bbox 1613 749 1812 856; x_wconf 84' lang='lat' dir='ltr'>bumana·</span> <span class='ocrx_word' id='word_1_16' title='bbox 1885 767 1891 782; x_wconf 84' lang='grc'><strong>“</strong></span> 
     </span>
     <span class='ocr_line' id='line_1_3' title="bbox 366 871 1418 992; baseline 0.005 -37"><span class='ocrx_word' id='word_1_17' title='bbox 366 899 458 958; x_wconf 88' lang='grc' dir='ltr'>ιιιιιι</span> <span class='ocrx_word' id='word_1_18' title='bbox 473 882 809 966; x_wconf 75' lang='lat' dir='ltr'>,conservatorem</span> <span class='ocrx_word' id='word_1_19' title='bbox 835 871 949 992; x_wconf 86' lang='lat' dir='ltr'>apud</span> <span class='ocrx_word' id='word_1_20' title='bbox 969 872 1172 960; x_wconf 75' lang='lat' dir='ltr'>Ethnicos</span> <span class='ocrx_word' id='word_1_21' title='bbox 1198 874 1418 960; x_wconf 83' lang='lat' dir='ltr'>indicant.</span> 
     </span>
    </p>
   </div>
   <div class='ocr_carea' id='block_1_3' title="bbox 306 1017 1815 1151">
    <p class='ocr_par' dir='ltr' id='par_1_3' title="bbox 306 1017 1815 1151">
     <span class='ocr_line' id='line_1_4' title="bbox 306 1017 1815 1151; baseline 0.009 -25"><span class='ocrx_word' id='word_1_22' title='bbox 306 1021 450 1128; x_wconf 56' lang='lat' dir='ltr'>mma</span> <span class='ocrx_word' id='word_1_23' title='bbox 475 1042 625 1142; x_wconf 85' lang='lat' dir='ltr'>Shiva,</span> <span class='ocrx_word' id='word_1_24' title='bbox 659 1045 801 1131; x_wconf 84' lang='lat' dir='ltr'>tertius</span> <span class='ocrx_word' id='word_1_25' title='bbox 832 1045 1039 1130; x_wconf 90' lang='lat' dir='ltr'>Trinitatis</span> <span class='ocrx_word' id='word_1_26' title='bbox 1079 1043 1181 1132; x_wconf 86' lang='lat' dir='ltr'>deus</span> <span class='ocrx_word' id='word_1_27' title='bbox 1198 1099 1216 1144; x_wconf 66' lang='lat'>2</span> <span class='ocrx_word' id='word_1_28' title='bbox 1246 1043 1398 1131; x_wconf 87' lang='lat' dir='ltr'>dicitur</span> <span class='ocrx_word' id='word_1_29' title='bbox 1425 1043 1680 1151; x_wconf 71' lang='lat' dir='ltr'>maledieta,</span> <span class='ocrx_word' id='word_1_30' title='bbox 1718 1017 1815 1140; x_wconf 79' lang='lat' dir='ltr'>¹ma·</span> 
     </span>
    </p>
   </div>
   <div class='ocr_carea' id='block_1_4' title="bbox 279 1209 1879 5265">
    <p class='ocr_par' dir='ltr' id='par_1_4' title="bbox 362 1209 1810 1462">
     <span class='ocr_line' id='line_1_5' title="bbox 367 1209 1810 1332; baseline 0.007 -36"><span class='ocrx_word' id='word_1_31' title='bbox 367 1213 636 1328; x_wconf 77' lang='lat' dir='ltr'>gnusdeus3</span> <span class='ocrx_word' id='word_1_32' title='bbox 667 1209 939 1299; x_wconf 73' lang='lat' dir='ltr'>malitiosum</span> <span class='ocrx_word' id='word_1_33' title='bbox 963 1242 1137 1332; x_wconf 85' lang='lat' dir='ltr'>magnus</span> <span class='ocrx_word' id='word_1_34' title='bbox 1168 1215 1395 1326; x_wconf 70' lang='lat' dir='ltr'>dominura</span> <span class='ocrx_word' id='word_1_35' title='bbox 1427 1211 1810 1320; x_wconf 70' lang='lat' dir='ltr'>Sieilirridentifera</span> 
     </span>
     <span class='ocr_line' id='line_1_6' title="bbox 362 1340 1807 1462; baseline 0.007 -39"><span class='ocrx_word' id='word_1_36' title='bbox 362 1342 504 1424; x_wconf 79' lang='lat' dir='ltr'>iludra</span> <span class='ocrx_word' id='word_1_37' title='bbox 517 1393 538 1438; x_wconf 47' lang='lat'>1,</span> <span class='ocrx_word' id='word_1_38' title='bbox 568 1340 821 1425; x_wconf 89' lang='lat' dir='ltr'>destruendo</span> <span class='ocrx_word' id='word_1_39' title='bbox 862 1366 925 1425; x_wconf 90' lang='lat' dir='ltr'>res</span> <span class='ocrx_word' id='word_1_40' title='bbox 949 1341 1144 1428; x_wconf 88' lang='lat' dir='ltr'>humanas</span> <span class='ocrx_word' id='word_1_41' title='bbox 1173 1347 1266 1429; x_wconf 86' lang='lat' dir='ltr'>flere</span> <span class='ocrx_word' id='word_1_42' title='bbox 1296 1341 1471 1438; x_wconf 64' lang='lat' dir='ltr'>faciens,</span> <span class='ocrx_word' id='word_1_43' title='bbox 1503 1343 1614 1454; x_wconf 73' lang='lat' dir='ltr'>ugra</span> <span class='ocrx_word' id='word_1_44' title='bbox 1638 1349 1807 1462; x_wconf 76' lang='lat' dir='ltr'>igneus,</span> 
     </span>
    </p>

    <p class='ocr_par' dir='ltr' id='par_1_5' title="bbox 290 1465 1878 2574">
     <span class='ocr_line' id='line_1_7' title="bbox 290 1465 1808 1584; baseline 0.01 -37"><span class='ocrx_word' id='word_1_45' title='bbox 290 1509 293 1518; x_wconf 88' lang='lat'><em>.</em></span> <span class='ocrx_word' id='word_1_46' title='bbox 358 1485 504 1561; x_wconf 66' lang='lat' dir='ltr'>atroxa</span> <span class='ocrx_word' id='word_1_47' title='bbox 535 1465 722 1552; x_wconf 82' lang='lat' dir='ltr'>Giririslra</span> <span class='ocrx_word' id='word_1_48' title='bbox 742 1470 944 1552; x_wconf 87' lang='lat' dir='ltr'>montium</span> <span class='ocrx_word' id='word_1_49' title='bbox 965 1471 1189 1568; x_wconf 82' lang='lat' dir='ltr'>dominus;</span> <span class='ocrx_word' id='word_1_50' title='bbox 1218 1469 1646 1584; x_wconf 76' lang='lat' dir='ltr'>tstbandrasdigglrara</span> <span class='ocrx_word' id='word_1_51' title='bbox 1667 1475 1808 1562; x_wconf 86' lang='lat' dir='ltr'>Lunae</span> 
     </span>
     <span class='ocr_line' id='line_1_8' title="bbox 358 1587 1808 1704; baseline 0.011 -31"><span class='ocrx_word' id='word_1_52' title='bbox 358 1587 553 1697; x_wconf 68' lang='lat' dir='ltr'>bajulus,</span> <span class='ocrx_word' id='word_1_53' title='bbox 579 1593 806 1704; x_wconf 79' lang='lat' dir='ltr'>peslupadi</span> <span class='ocrx_word' id='word_1_54' title='bbox 844 1621 991 1682; x_wconf 86' lang='lat' dir='ltr'>uaccae</span> <span class='ocrx_word' id='word_1_55' title='bbox 1021 1601 1186 1684; x_wconf 85' lang='lat' dir='ltr'>maritus</span> <span class='ocrx_word' id='word_1_56' title='bbox 1225 1599 1292 1684; x_wconf 91' lang='lat' dir='ltr'>vel</span> <span class='ocrx_word' id='word_1_57' title='bbox 1330 1599 1554 1696; x_wconf 89' lang='lat' dir='ltr'>dominus,</span> <span class='ocrx_word' id='word_1_58' title='bbox 1585 1607 1680 1684; x_wconf 85' lang='lat' dir='ltr'>item</span> <span class='ocrx_word' id='word_1_59' title='bbox 1705 1600 1808 1696; x_wconf 87' lang='lat' dir='ltr'>bovi</span> 
     </span>
     <span class='ocr_line' id='line_1_9' title="bbox 354 1717 1878 1839; baseline 0.01 -41"><span class='ocrx_word' id='word_1_60' title='bbox 354 1717 560 1818; x_wconf 89' lang='lat' dir='ltr'>insidens,</span> <span class='ocrx_word' id='word_1_61' title='bbox 592 1721 717 1830; x_wconf 81' lang='lat' dir='ltr'>pasiu</span> <span class='ocrx_word' id='word_1_62' title='bbox 744 1725 855 1806; x_wconf 88' lang='lat' dir='ltr'>enim</span> <span class='ocrx_word' id='word_1_63' title='bbox 886 1747 929 1808; x_wconf 90' lang='lat' dir='ltr'>et</span> <span class='ocrx_word' id='word_1_64' title='bbox 956 1723 1106 1810; x_wconf 86' lang='lat' dir='ltr'>bouem</span> <span class='ocrx_word' id='word_1_65' title='bbox 1139 1746 1183 1809; x_wconf 91' lang='lat' dir='ltr'>et</span> <span class='ocrx_word' id='word_1_66' title='bbox 1211 1749 1376 1810; x_wconf 83' lang='lat' dir='ltr'>vaccam</span> <span class='ocrx_word' id='word_1_67' title='bbox 1413 1721 1611 1839; x_wconf 84' lang='lat' dir='ltr'>significat</span> <span class='ocrx_word' id='word_1_68' title='bbox 1631 1747 1657 1808; x_wconf 85' lang='grc'>’.</span> <span class='ocrx_word' id='word_1_69' title='bbox 1686 1731 1804 1812; x_wconf 77' lang='lat' dir='ltr'>Hera</span> <span class='ocrx_word' id='word_1_70' title='bbox 1872 1819 1878 1830; x_wconf 64' lang='grc'><em>,</em></span> 
     </span>
     <span class='ocr_line' id='line_1_10' title="bbox 353 1842 1802 1966; baseline 0.008 -38"><span class='ocrx_word' id='word_1_71' title='bbox 353 1842 615 1950; x_wconf 82' lang='lat' dir='ltr'>destructos,</span> <span class='ocrx_word' id='word_1_72' title='bbox 648 1845 782 1932; x_wconf 79' lang='lat' dir='ltr'>hilma</span> <span class='ocrx_word' id='word_1_73' title='bbox 815 1849 1048 1948; x_wconf 69' lang='lat' dir='ltr'>horribilisa</span> <span class='ocrx_word' id='word_1_74' title='bbox 1079 1853 1348 1966; x_wconf 78' lang='lat' dir='ltr'>Gangadirara</span> <span class='ocrx_word' id='word_1_75' title='bbox 1367 1878 1541 1966; x_wconf 82' lang='lat' dir='ltr'>gangem</span> <span class='ocrx_word' id='word_1_76' title='bbox 1563 1843 1802 1958; x_wconf 76' lang='lat' dir='ltr'>caelestem,</span> 
     </span>
     <span class='ocr_line' id='line_1_11' title="bbox 351 1975 1802 2096; baseline 0.009 -42"><span class='ocrx_word' id='word_1_77' title='bbox 351 1995 486 2060; x_wconf 85' lang='lat' dir='ltr'>torem</span> <span class='ocrx_word' id='word_1_78' title='bbox 520 1977 732 2062; x_wconf 87' lang='lat' dir='ltr'>caelestem</span> <span class='ocrx_word' id='word_1_79' title='bbox 763 1979 963 2094; x_wconf 88' lang='lat' dir='ltr'>incapite</span> <span class='ocrx_word' id='word_1_80' title='bbox 990 2007 1169 2096; x_wconf 63' lang='lat' dir='ltr'>gerens,</span> <span class='ocrx_word' id='word_1_81' title='bbox 1200 1975 1404 2088; x_wconf 64' lang='lat' dir='ltr'>upupae}</span> <span class='ocrx_word' id='word_1_82' title='bbox 1435 1977 1658 2080; x_wconf 85' lang='lat' dir='ltr'>dominae,</span> <span class='ocrx_word' id='word_1_83' title='bbox 1691 2007 1802 2067; x_wconf 87' lang='lat' dir='ltr'>nem·</span> 
     </span>
     <span class='ocr_line' id='line_1_12' title="bbox 347 2103 1799 2214; baseline 0.006 -28"><span class='ocrx_word' id='word_1_84' title='bbox 347 2126 401 2214; x_wconf 89' lang='lat' dir='ltr'>pe</span> <span class='ocrx_word' id='word_1_85' title='bbox 433 2105 540 2190; x_wconf 74' lang='lat' dir='ltr'>deae</span> <span class='ocrx_word' id='word_1_86' title='bbox 573 2103 747 2189; x_wconf 79' lang='lat' dir='ltr'>Psirvati</span> <span class='ocrx_word' id='word_1_87' title='bbox 792 2110 992 2196; x_wconf 84' lang='lat' dir='ltr'>maritus.</span> <span class='ocrx_word' id='word_1_88' title='bbox 1024 2109 1222 2193; x_wconf 87' lang='lat' dir='ltr'>Omnium</span> <span class='ocrx_word' id='word_1_89' title='bbox 1266 2133 1402 2192; x_wconf 91' lang='lat' dir='ltr'>rerum</span> <span class='ocrx_word' id='word_1_90' title='bbox 1446 2105 1677 2209; x_wconf 84' lang='lat' dir='ltr'>destructor</span> <span class='ocrx_word' id='word_1_91' title='bbox 1715 2135 1799 2194; x_wconf 86' lang='lat' dir='ltr'>esse</span> 
     </span>
     <span class='ocr_line' id='line_1_13' title="bbox 347 2231 1798 2348; baseline 0.005 -36"><span class='ocrx_word' id='word_1_92' title='bbox 347 2231 555 2317; x_wconf 84' lang='lat' dir='ltr'>creditur:</span> <span class='ocrx_word' id='word_1_93' title='bbox 587 2261 639 2316; x_wconf 86' lang='lat' dir='ltr'>ex</span> <span class='ocrx_word' id='word_1_94' title='bbox 674 2233 863 2318; x_wconf 89' lang='lat' dir='ltr'>hisvero</span> <span class='ocrx_word' id='word_1_95' title='bbox 895 2235 1097 2320; x_wconf 84' lang='lat' dir='ltr'>attributis</span> <span class='ocrx_word' id='word_1_96' title='bbox 1120 2237 1404 2348; x_wconf 82' lang='lat' dir='ltr'>dignoscitur,</span> <span class='ocrx_word' id='word_1_97' title='bbox 1438 2260 1531 2317; x_wconf 87' lang='lat' dir='ltr'>eum</span> <span class='ocrx_word' id='word_1_98' title='bbox 1559 2255 1602 2317; x_wconf 87' lang='lat' dir='ltr'>et</span> <span class='ocrx_word' id='word_1_99' title='bbox 1625 2260 1798 2348; x_wconf 83' lang='lat' dir='ltr'>genera·</span> 
     </span>
     <span class='ocr_line' id='line_1_14' title="bbox 346 2357 1796 2475; baseline 0.006 -37"><span class='ocrx_word' id='word_1_100' title='bbox 346 2383 391 2440; x_wconf 87' lang='lat' dir='ltr'>re</span> <span class='ocrx_word' id='word_1_101' title='bbox 414 2381 457 2444; x_wconf 89' lang='lat' dir='ltr'>et</span> <span class='ocrx_word' id='word_1_102' title='bbox 481 2357 722 2467; x_wconf 67' lang='lat' dir='ltr'>destrueres</span> <span class='ocrx_word' id='word_1_103' title='bbox 755 2387 882 2475; x_wconf 87' lang='lat' dir='ltr'>quare</span> <span class='ocrx_word' id='word_1_104' title='bbox 904 2360 981 2450; x_wconf 90' lang='lat' dir='ltr'>sub</span> <span class='ocrx_word' id='word_1_105' title='bbox 1010 2363 1072 2446; x_wconf 91' lang='lat' dir='ltr'>his</span> <span class='ocrx_word' id='word_1_106' title='bbox 1099 2361 1261 2449; x_wconf 89' lang='lat' dir='ltr'>duabus</span> <span class='ocrx_word' id='word_1_107' title='bbox 1289 2357 1431 2446; x_wconf 84' lang='lat' dir='ltr'>formis</span> <span class='ocrx_word' id='word_1_108' title='bbox 1465 2360 1606 2444; x_wconf 87' lang='lat' dir='ltr'>icones</span> <span class='ocrx_word' id='word_1_109' title='bbox 1635 2381 1676 2444; x_wconf 85' lang='lat' dir='ltr'>et</span> <span class='ocrx_word' id='word_1_110' title='bbox 1711 2383 1796 2446; x_wconf 86' lang='lat' dir='ltr'>sta·</span> 
     </span>
     <span class='ocr_line' id='line_1_15' title="bbox 345 2487 1091 2574; baseline 0.011 -10"><span class='ocrx_word' id='word_1_111' title='bbox 345 2503 438 2570; x_wconf 86' lang='lat' dir='ltr'>tuae</span> <span class='ocrx_word' id='word_1_112' title='bbox 464 2487 570 2572; x_wconf 91' lang='lat' dir='ltr'>illius</span> <span class='ocrx_word' id='word_1_113' title='bbox 593 2488 638 2568; x_wconf 89' lang='lat' dir='ltr'>io</span> <span class='ocrx_word' id='word_1_114' title='bbox 668 2487 785 2570; x_wconf 87' lang='lat' dir='ltr'>India</span> <span class='ocrx_word' id='word_1_115' title='bbox 821 2488 1091 2574; x_wconf 72' lang='lat' dir='ltr'>extruentur,</span> 
     </span>
    </p>

    <p class='ocr_par' dir='ltr' id='par_1_6' title="bbox 279 2603 1815 3870">
     <span class='ocr_line' id='line_1_16' title="bbox 279 2603 1795 2726; baseline 0.007 -32"><span class='ocrx_word' id='word_1_116' title='bbox 279 2603 386 2694; x_wconf 82' lang='lat' dir='ltr'>Vide</span> <span class='ocrx_word' id='word_1_117' title='bbox 414 2609 560 2698; x_wconf 87' lang='lat' dir='ltr'>borum</span> <span class='ocrx_word' id='word_1_118' title='bbox 590 2615 923 2714; x_wconf 86' lang='lat' dir='ltr'>nominum,seu</span> <span class='ocrx_word' id='word_1_119' title='bbox 955 2614 1242 2700; x_wconf 83' lang='lat' dir='ltr'>attributorum</span> <span class='ocrx_word' id='word_1_120' title='bbox 1280 2612 1526 2698; x_wconf 83' lang='lat' dir='ltr'>luculentam</span> <span class='ocrx_word' id='word_1_121' title='bbox 1553 2612 1795 2726; x_wconf 86' lang='lat' dir='ltr'>explicatio·</span> 
     </span>
     <span class='ocr_line' id='line_1_17' title="bbox 343 2739 1792 2856; baseline 0.006 -38"><span class='ocrx_word' id='word_1_122' title='bbox 343 2761 436 2822; x_wconf 89' lang='lat' dir='ltr'>nem</span> <span class='ocrx_word' id='word_1_123' title='bbox 458 2739 499 2823; x_wconf 80' lang='lat' dir='ltr'>i&#39;u</span> <span class='ocrx_word' id='word_1_124' title='bbox 519 2745 735 2855; x_wconf 75' lang='lat' dir='ltr'>systemate</span> <span class='ocrx_word' id='word_1_125' title='bbox 749 2741 1019 2843; x_wconf 82' lang='lat' dir='ltr'>Braitmanico,</span> <span class='ocrx_word' id='word_1_126' title='bbox 1036 2743 1284 2856; x_wconf 84' lang='lat' dir='ltr'>M.Borgiani</span> <span class='ocrx_word' id='word_1_127' title='bbox 1300 2767 1323 2827; x_wconf 94' lang='lat' dir='ltr'>a</span> <span class='ocrx_word' id='word_1_128' title='bbox 1339 2767 1402 2826; x_wconf 90' lang='lat' dir='ltr'>me</span> <span class='ocrx_word' id='word_1_129' title='bbox 1421 2741 1464 2824; x_wconf 92' lang='lat' dir='ltr'>in</span> <span class='ocrx_word' id='word_1_130' title='bbox 1484 2740 1616 2824; x_wconf 84' lang='lat' dir='ltr'>lucem</span> <span class='ocrx_word' id='word_1_131' title='bbox 1630 2741 1792 2853; x_wconf 88' lang='lat' dir='ltr'>prolato</span> 
     </span>
     <span class='ocr_line' id='line_1_18' title="bbox 338 2861 1792 2986; baseline 0.004 -40"><span class='ocrx_word' id='word_1_132' title='bbox 338 2861 495 2949; x_wconf 86' lang='lat' dir='ltr'>Rornae</span> <span class='ocrx_word' id='word_1_133' title='bbox 519 2893 629 2960; x_wconf 91' lang='lat' dir='ltr'>anno</span> <span class='ocrx_word' id='word_1_134' title='bbox 676 2895 812 2972; x_wconf 83' lang='lat'>¹791·</span> <span class='ocrx_word' id='word_1_135' title='bbox 851 2895 947 2986; x_wconf 79' lang='lat' dir='ltr'>pag.</span> <span class='ocrx_word' id='word_1_136' title='bbox 971 2895 1014 2975; x_wconf 89' lang='lat'>7.</span> <span class='ocrx_word' id='word_1_137' title='bbox 1048 2867 1331 2986; x_wconf 82' lang='lat' dir='ltr'>Mytiroiegia,</span> <span class='ocrx_word' id='word_1_138' title='bbox 1362 2894 1493 2984; x_wconf 89' lang='lat' dir='ltr'>usque</span> <span class='ocrx_word' id='word_1_139' title='bbox 1524 2867 1576 2953; x_wconf 88' lang='lat' dir='ltr'>ad</span> <span class='ocrx_word' id='word_1_140' title='bbox 1603 2893 1792 2983; x_wconf 85' lang='lat' dir='ltr'>pag.9r.</span> 
     </span>
     <span class='ocr_line' id='line_1_19' title="bbox 338 2991 1790 3110; baseline 0.001 -33"><span class='ocrx_word' id='word_1_141' title='bbox 338 2991 453 3077; x_wconf 87' lang='lat' dir='ltr'>Cave</span> <span class='ocrx_word' id='word_1_142' title='bbox 478 3019 601 3108; x_wconf 87' lang='lat' dir='ltr'>quam</span> <span class='ocrx_word' id='word_1_143' title='bbox 628 2997 827 3098; x_wconf 79' lang='lat' dir='ltr'>maxime,</span> <span class='ocrx_word' id='word_1_144' title='bbox 862 3026 914 3082; x_wconf 90' lang='lat' dir='ltr'>ne</span> <span class='ocrx_word' id='word_1_145' title='bbox 948 3023 1069 3110; x_wconf 84' lang='lat' dir='ltr'>vagas</span> <span class='ocrx_word' id='word_1_146' title='bbox 1090 3021 1131 3081; x_wconf 89' lang='lat' dir='ltr'>et</span> <span class='ocrx_word' id='word_1_147' title='bbox 1159 2995 1351 3082; x_wconf 88' lang='lat' dir='ltr'>obscuras</span> <span class='ocrx_word' id='word_1_148' title='bbox 1371 2996 1455 3081; x_wconf 85' lang='lat' dir='ltr'>sive</span> <span class='ocrx_word' id='word_1_149' title='bbox 1485 2993 1685 3080; x_wconf 88' lang='lat' dir='ltr'>Indorum</span> <span class='ocrx_word' id='word_1_150' title='bbox 1707 2996 1790 3079; x_wconf 87' lang='lat' dir='ltr'>lin-</span> 
     </span>
     <span class='ocr_line' id='line_1_20' title="bbox 336 3121 1789 3238; baseline 0.002 -35"><span class='ocrx_word' id='word_1_151' title='bbox 336 3143 443 3233; x_wconf 86' lang='lat' dir='ltr'>guae</span> <span class='ocrx_word' id='word_1_152' title='bbox 471 3121 814 3208; x_wconf 84' lang='lat' dir='ltr'>Samscrdamicae</span> <span class='ocrx_word' id='word_1_153' title='bbox 836 3125 979 3238; x_wconf 86' lang='lat' dir='ltr'>peritia</span> <span class='ocrx_word' id='word_1_154' title='bbox 1005 3127 1332 3224; x_wconf 85' lang='lat' dir='ltr'>destitutorum,</span> <span class='ocrx_word' id='word_1_155' title='bbox 1360 3123 1446 3206; x_wconf 91' lang='lat' dir='ltr'>sive</span> <span class='ocrx_word' id='word_1_156' title='bbox 1474 3123 1789 3234; x_wconf 83' lang='lat' dir='ltr'>Europaeorum</span> 
     </span>
     <span class='ocr_line' id='line_1_21' title="bbox 333 3245 1789 3364; baseline 0.004 -35"><span class='ocrx_word' id='word_1_157' title='bbox 333 3245 493 3360; x_wconf 86' lang='lat' dir='ltr'>ineptas</span> <span class='ocrx_word' id='word_1_158' title='bbox 517 3247 571 3334; x_wconf 90' lang='lat' dir='ltr'>de</span> <span class='ocrx_word' id='word_1_159' title='bbox 601 3249 681 3336; x_wconf 87' lang='lat' dir='ltr'>diis</span> <span class='ocrx_word' id='word_1_160' title='bbox 714 3249 866 3336; x_wconf 89' lang='lat' dir='ltr'>Indicis</span> <span class='ocrx_word' id='word_1_161' title='bbox 895 3251 1142 3357; x_wconf 76' lang='lat' dir='ltr'>narrationes</span> <span class='ocrx_word' id='word_1_162' title='bbox 1162 3251 1388 3364; x_wconf 67' lang='lat' dir='ltr'>suscipiass</span> <span class='ocrx_word' id='word_1_163' title='bbox 1420 3245 1461 3332; x_wconf 88' lang='lat' dir='ltr'>hi</span> <span class='ocrx_word' id='word_1_164' title='bbox 1486 3247 1627 3346; x_wconf 89' lang='lat' dir='ltr'>enim,</span> <span class='ocrx_word' id='word_1_165' title='bbox 1661 3271 1706 3331; x_wconf 91' lang='lat' dir='ltr'>ut</span> <span class='ocrx_word' id='word_1_166' title='bbox 1731 3276 1789 3336; x_wconf 89' lang='lat' dir='ltr'>re·</span> 
     </span>
     <span class='ocr_line' id='line_1_22' title="bbox 334 3358 1815 3530; baseline -0.003 -72"><span class='ocrx_word' id='word_1_167' title='bbox 334 3394 400 3458; x_wconf 86' lang='lat' dir='ltr'>cte</span> <span class='ocrx_word' id='word_1_168' title='bbox 430 3375 569 3458; x_wconf 87' lang='lat' dir='ltr'>asserit</span> <span class='ocrx_word' id='word_1_169' title='bbox 580 3373 794 3530; x_wconf 86' lang='lat' dir='ltr'>Anquetil</span> <span class='ocrx_word' id='word_1_170' title='bbox 828 3377 887 3464; x_wconf 90' lang='lat' dir='ltr'>du</span> <span class='ocrx_word' id='word_1_171' title='bbox 919 3379 1068 3460; x_wconf 84' lang='lat' dir='ltr'>Person</span> <span class='ocrx_word' id='word_1_172' title='bbox 1093 3389 1111 3485; x_wconf 94' lang='lat'>(</span> <span class='ocrx_word' id='word_1_173' title='bbox 1132 3375 1242 3492; x_wconf 92' lang='lat' dir='ltr'>Voy</span> <span class='ocrx_word' id='word_1_174' title='bbox 1278 3403 1358 3460; x_wconf 85' lang='lat' dir='ltr'>aux</span> <span class='ocrx_word' id='word_1_175' title='bbox 1395 3373 1519 3459; x_wconf 86' lang='lat' dir='ltr'>ludes</span> <span class='ocrx_word' id='word_1_176' title='bbox 1548 3400 1589 3486; x_wconf 89' lang='lat' dir='ltr'>p.</span> <span class='ocrx_word' id='word_1_177' title='bbox 1603 3405 1729 3456; x_wconf 78' lang='lat' dir='ltr'>uxxxv.</span> <span class='ocrx_word' id='word_1_178' title='bbox 1746 3358 1815 3480; x_wconf 80' lang='lat'>),&#39;</span> 
     </span>
     <span class='ocr_line' id='line_1_23' title="bbox 331 3491 1789 3618; baseline -0.001 -34"><span class='ocrx_word' id='word_1_179' title='bbox 331 3497 578 3618; x_wconf 88' lang='lat' dir='ltr'>plerumque</span> <span class='ocrx_word' id='word_1_180' title='bbox 613 3493 737 3586; x_wconf 85' lang='lat' dir='ltr'>ils&#39;</span> <span class='ocrx_word' id='word_1_181' title='bbox 703 3531 784 3590; x_wconf 88' lang='lat' dir='ltr'>sen</span> <span class='ocrx_word' id='word_1_182' title='bbox 814 3503 989 3587; x_wconf 87' lang='lat' dir='ltr'>tiennent</span> <span class='ocrx_word' id='word_1_183' title='bbox 1024 3532 1080 3584; x_wconf 85' lang='lat' dir='ltr'>au</span> <span class='ocrx_word' id='word_1_184' title='bbox 1106 3501 1247 3610; x_wconf 84' lang='lat' dir='ltr'>simple</span> <span class='ocrx_word' id='word_1_185' title='bbox 1284 3500 1536 3614; x_wconf 84' lang='lat' dir='ltr'>ternor&#39;gnage</span> <span class='ocrx_word' id='word_1_186' title='bbox 1560 3491 1611 3584; x_wconf 87' lang='lat' dir='ltr'>d&#39;</span> <span class='ocrx_word' id='word_1_187' title='bbox 1623 3529 1679 3585; x_wconf 84' lang='lat' dir='ltr'>un</span> <span class='ocrx_word' id='word_1_188' title='bbox 1708 3509 1789 3584; x_wconf 88' lang='lat' dir='ltr'>Do·</span> 
     </span>
     <span class='ocr_line' id='line_1_24' title="bbox 334 3623 1788 3740; baseline 0.001 -31"><span class='ocrx_word' id='word_1_189' title='bbox 334 3623 451 3710; x_wconf 78' lang='lat' dir='ltr'>barli</span> <span class='ocrx_word' id='word_1_190' title='bbox 475 3626 743 3775; x_wconf 81' lang='lat' dir='ltr'>(Duibislri,</span> <span class='ocrx_word' id='word_1_191' title='bbox 775 3629 997 3739; x_wconf 70' lang='lat' dir='ltr'>interpres,</span> <span class='ocrx_word' id='word_1_192' title='bbox 1012 3657 1083 3724; x_wconf 87' lang='lat' dir='ltr'>seu</span> <span class='ocrx_word' id='word_1_193' title='bbox 1108 3629 1285 3715; x_wconf 91' lang='lat' dir='ltr'>duorum</span> <span class='ocrx_word' id='word_1_194' title='bbox 1304 3628 1546 3714; x_wconf 89' lang='lat' dir='ltr'>idiomatum</span> <span class='ocrx_word' id='word_1_195' title='bbox 1562 3627 1714 3740; x_wconf 86' lang='lat' dir='ltr'>peritus</span> <span class='ocrx_word' id='word_1_196' title='bbox 1740 3633 1788 3734; x_wconf 86' lang='lat'>),</span> 
     </span>
     <span class='ocr_line' id='line_1_25' title="bbox 331 3741 1807 3870; baseline 0.001 -33"><span class='ocrx_word' id='word_1_197' title='bbox 331 3745 428 3838; x_wconf 77' lang='lat' dir='ltr'>d&#39;un</span> <span class='ocrx_word' id='word_1_198' title='bbox 459 3756 576 3856; x_wconf 82' lang='lat' dir='ltr'>Pion,</span> <span class='ocrx_word' id='word_1_199' title='bbox 609 3755 708 3870; x_wconf 87' lang='lat' dir='ltr'>qui,</span> <span class='ocrx_word' id='word_1_200' title='bbox 738 3779 842 3866; x_wconf 85' lang='lat' dir='ltr'>prus·</span> <span class='ocrx_word' id='word_1_201' title='bbox 866 3772 916 3840; x_wconf 84' lang='lat' dir='ltr'>sse</span> <span class='ocrx_word' id='word_1_202' title='bbox 946 3779 1023 3866; x_wconf 83' lang='lat' dir='ltr'>par</span> <span class='ocrx_word' id='word_1_203' title='bbox 1046 3777 1173 3839; x_wconf 84' lang='lat' dir='ltr'>restes·</span> <span class='ocrx_word' id='word_1_204' title='bbox 1200 3776 1338 3852; x_wconf 79' lang='lat' dir='ltr'>const,</span> <span class='ocrx_word' id='word_1_205' title='bbox 1371 3753 1461 3838; x_wconf 84' lang='lat' dir='ltr'>leur</span> <span class='ocrx_word' id='word_1_206' title='bbox 1489 3741 1807 3867; x_wconf 57' lang='lat' dir='ltr'>(Europaeis)⁸</span> 
     </span>
    </p>

    <p class='ocr_par' dir='ltr' id='par_1_7' title="bbox 308 3872 1785 4252">
     <span class='ocr_line' id='line_1_26' title="bbox 308 3872 1785 3997; baseline 0.001 -34"><span class='ocrx_word' id='word_1_207' title='bbox 308 3881 522 3996; x_wconf 81' lang='lat' dir='ltr'>&#39;explique</span> <span class='ocrx_word' id='word_1_208' title='bbox 551 3911 598 3965; x_wconf 85' lang='lat' dir='ltr'>en</span> <span class='ocrx_word' id='word_1_209' title='bbox 630 3885 822 3966; x_wconf 83' lang='lat' dir='ltr'>mauvar&#39;s</span> <span class='ocrx_word' id='word_1_210' title='bbox 846 3878 1082 3997; x_wconf 80' lang='lat' dir='ltr'>Partugar‘s,</span> <span class='ocrx_word' id='word_1_211' title='bbox 1115 3885 1185 3968; x_wconf 79' lang='lat' dir='ltr'>des</span> <span class='ocrx_word' id='word_1_212' title='bbox 1220 3889 1271 3967; x_wconf 93' lang='lat' dir='ltr'><em>M</em></span> <span class='ocrx_word' id='word_1_213' title='bbox 1267 3899 1418 3997; x_wconf 83' lang='lat' dir='ltr'>ysttres</span> <span class='ocrx_word' id='word_1_214' title='bbox 1445 3943 1458 3977; x_wconf 96' lang='lat'>,</span> <span class='ocrx_word' id='word_1_215' title='bbox 1490 3872 1593 3994; x_wconf 85' lang='lat' dir='ltr'>qu&#39;il</span> <span class='ocrx_word' id='word_1_216' title='bbox 1628 3881 1785 3982; x_wconf 76' lang='lat' dir='ltr'>rennuit</span> 
     </span>
     <span class='ocr_line' id='line_1_27' title="bbox 330 4003 1780 4124; baseline -0.001 -34"><span class='ocrx_word' id='word_1_217' title='bbox 330 4003 359 4090; x_wconf 78' lang='lat' dir='ltr'>d</span> <span class='ocrx_word' id='word_1_218' title='bbox 388 4006 528 4116; x_wconf 80' lang='lat' dir='ltr'>peine,</span> <span class='ocrx_word' id='word_1_219' title='bbox 562 4027 599 4094; x_wconf 90' lang='lat' dir='ltr'>et</span> <span class='ocrx_word' id='word_1_220' title='bbox 624 4037 781 4124; x_wconf 87' lang='lat' dir='ltr'>queres</span> <span class='ocrx_word' id='word_1_221' title='bbox 803 4007 954 4093; x_wconf 72' lang='lat' dir='ltr'>Psitres</span> <span class='ocrx_word' id='word_1_222' title='bbox 977 4037 1027 4091; x_wconf 82' lang='lat' dir='ltr'>tre</span> <span class='ocrx_word' id='word_1_223' title='bbox 1050 4007 1282 4120; x_wconf 80' lang='lat' dir='ltr'>poursoient</span> <span class='ocrx_word' id='word_1_224' title='bbox 1310 4005 1452 4114; x_wconf 75' lang='lat' dir='ltr'>sentire</span> <span class='ocrx_word' id='word_1_225' title='bbox 1493 4033 1572 4118; x_wconf 84' lang='lat' dir='ltr'>que</span> <span class='ocrx_word' id='word_1_226' title='bbox 1603 4003 1780 4114; x_wconf 69' lang='lat' dir='ltr'>difficile·</span> 
     </span>
     <span class='ocr_line' id='line_1_28' title="bbox 328 4129 1778 4252; baseline -0.003 -35"><span class='ocrx_word' id='word_1_227' title='bbox 328 4153 441 4218; x_wconf 83' lang='lat' dir='ltr'>ment</span> <span class='ocrx_word' id='word_1_228' title='bbox 468 4137 571 4220; x_wconf 79' lang='lat' dir='ltr'>dans</span> <span class='ocrx_word' id='word_1_229' title='bbox 595 4137 640 4220; x_wconf 79' lang='lat' dir='ltr'>la</span> <span class='ocrx_word' id='word_1_230' title='bbox 662 4143 823 4250; x_wconf 76' lang='lat' dir='ltr'>langue</span> <span class='ocrx_word' id='word_1_231' title='bbox 855 4136 911 4220; x_wconf 79' lang='lat' dir='ltr'>du</span> <span class='ocrx_word' id='word_1_232' title='bbox 942 4144 1070 4252; x_wconf 85' lang='lat' dir='ltr'>Pays</span> <span class='ocrx_word' id='word_1_233' title='bbox 1103 4139 1164 4220; x_wconf 85' lang='lat' dir='ltr'>Ex</span> <span class='ocrx_word' id='word_1_234' title='bbox 1191 4135 1349 4250; x_wconf 82' lang='lat' dir='ltr'>paginis</span> <span class='ocrx_word' id='word_1_235' title='bbox 1386 4129 1613 4246; x_wconf 79' lang='lat' dir='ltr'>Syrtematrs</span> <span class='ocrx_word' id='word_1_236' title='bbox 1647 4131 1778 4214; x_wconf 78' lang='lat' dir='ltr'>Brab-</span> 
     </span>
    </p>

    <p class='ocr_par' dir='ltr' id='par_1_8' title="bbox 326 4257 1782 4408">
     <span class='ocr_line' id='line_1_29' title="bbox 326 4257 1782 4408; baseline -0.003 -60"><span class='ocrx_word' id='word_1_237' title='bbox 326 4261 508 4378; x_wconf 66' lang='lat' dir='ltr'>manici,</span> <span class='ocrx_word' id='word_1_238' title='bbox 541 4291 564 4347; x_wconf 89' lang='lat' dir='ltr'>a</span> <span class='ocrx_word' id='word_1_239' title='bbox 589 4291 655 4349; x_wconf 89' lang='lat' dir='ltr'>me</span> <span class='ocrx_word' id='word_1_240' title='bbox 689 4291 810 4408; x_wconf 90' lang='lat' dir='ltr'>supra</span> <span class='ocrx_word' id='word_1_241' title='bbox 833 4265 1093 4360; x_wconf 84' lang='lat' dir='ltr'>memoratis,</span> <span class='ocrx_word' id='word_1_242' title='bbox 1124 4259 1307 4346; x_wconf 86' lang='lat' dir='ltr'>dilucide</span> <span class='ocrx_word' id='word_1_243' title='bbox 1333 4259 1581 4374; x_wconf 87' lang='lat' dir='ltr'>perspicies,</span> <span class='ocrx_word' id='word_1_244' title='bbox 1613 4257 1782 4344; x_wconf 83' lang='lat' dir='ltr'>attribu·</span> 
     </span>
    </p>

    <p class='ocr_par' dir='ltr' id='par_1_9' title="bbox 328 4383 1780 4529">
     <span class='ocr_line' id='line_1_30' title="bbox 328 4383 1780 4529; baseline -0.003 -57"><span class='ocrx_word' id='word_1_245' title='bbox 328 4409 369 4473; x_wconf 87' lang='lat' dir='ltr'>ta</span> <span class='ocrx_word' id='word_1_246' title='bbox 397 4391 570 4476; x_wconf 90' lang='lat' dir='ltr'>deorum</span> <span class='ocrx_word' id='word_1_247' title='bbox 604 4419 627 4476; x_wconf 93' lang='lat' dir='ltr'>a</span> <span class='ocrx_word' id='word_1_248' title='bbox 655 4417 719 4474; x_wconf 91' lang='lat' dir='ltr'>me</span> <span class='ocrx_word' id='word_1_249' title='bbox 748 4393 878 4529; x_wconf 84' lang='lat' dir='ltr'>jam</span> <span class='ocrx_word' id='word_1_250' title='bbox 863 4390 986 4474; x_wconf 86' lang='lat' dir='ltr'>relata</span> <span class='ocrx_word' id='word_1_251' title='bbox 1004 4415 1150 4473; x_wconf 87' lang='lat' dir='ltr'>eorum</span> <span class='ocrx_word' id='word_1_252' title='bbox 1169 4389 1341 4486; x_wconf 85' lang='lat' dir='ltr'>statuis,</span> <span class='ocrx_word' id='word_1_253' title='bbox 1371 4383 1671 4472; x_wconf 87' lang='lat' dir='ltr'>etsimulacbtis</span> <span class='ocrx_word' id='word_1_254' title='bbox 1691 4411 1780 4496; x_wconf 88' lang='lat' dir='ltr'>per</span> 
     </span>
    </p>

    <p class='ocr_par' dir='ltr' id='par_1_10' title="bbox 304 4511 1879 5265">
     <span class='ocr_line' id='line_1_31' title="bbox 325 4511 1879 4632; baseline -0.006 -30"><span class='ocrx_word' id='word_1_255' title='bbox 325 4511 543 4604; x_wconf 80' lang='lat' dir='ltr'>lectissime</span> <span class='ocrx_word' id='word_1_256' title='bbox 570 4519 828 4614; x_wconf 82' lang='lat' dir='ltr'>convenire,</span> <span class='ocrx_word' id='word_1_257' title='bbox 858 4541 984 4632; x_wconf 85' lang='lat' dir='ltr'>atque</span> <span class='ocrx_word' id='word_1_258' title='bbox 1024 4518 1069 4600; x_wconf 87' lang='lat' dir='ltr'>iu</span> <span class='ocrx_word' id='word_1_259' title='bbox 1106 4517 1167 4600; x_wconf 91' lang='lat' dir='ltr'>his</span> <span class='ocrx_word' id='word_1_260' title='bbox 1198 4539 1396 4600; x_wconf 88' lang='lat' dir='ltr'>summam</span> <span class='ocrx_word' id='word_1_261' title='bbox 1427 4511 1582 4626; x_wconf 84' lang='lat' dir='ltr'>publici</span> <span class='ocrx_word' id='word_1_262' title='bbox 1619 4511 1780 4596; x_wconf 88' lang='lat' dir='ltr'>Indiani</span> <span class='ocrx_word' id='word_1_263' title='bbox 1873 4617 1879 4627; x_wconf 20' lang='grc' dir='ltr'>ι</span> 
     </span>
     <span class='ocr_line' id='line_1_32' title="bbox 327 4643 1776 4762; baseline -0.001 -38"><span class='ocrx_word' id='word_1_264' title='bbox 327 4643 465 4730; x_wconf 88' lang='lat' dir='ltr'>cultus</span> <span class='ocrx_word' id='word_1_265' title='bbox 492 4648 748 4731; x_wconf 87' lang='lat' dir='ltr'>consistere.</span> <span class='ocrx_word' id='word_1_266' title='bbox 779 4646 1056 4730; x_wconf 71' lang='lat' dir='ltr'>Excellentem</span> <span class='ocrx_word' id='word_1_267' title='bbox 1078 4645 1286 4762; x_wconf 87' lang='lat' dir='ltr'>synopsim</span> <span class='ocrx_word' id='word_1_268' title='bbox 1311 4668 1362 4726; x_wconf 82' lang='lat' dir='ltr'>ex</span> <span class='ocrx_word' id='word_1_269' title='bbox 1381 4643 1607 4758; x_wconf 68' lang='lat' dir='ltr'>systemate</span> <span class='ocrx_word' id='word_1_270' title='bbox 1633 4663 1776 4722; x_wconf 91' lang='lat' dir='ltr'>nostro</span> 
     </span>
     <span class='ocr_line' id='line_1_33' title="bbox 324 4759 1774 4884; baseline -0.005 -30"><span class='ocrx_word' id='word_1_271' title='bbox 324 4771 591 4860; x_wconf 84' lang='lat' dir='ltr'>Brabmanico</span> <span class='ocrx_word' id='word_1_272' title='bbox 621 4799 839 4860; x_wconf 79' lang='lat' dir='ltr'>extractam</span> <span class='ocrx_word' id='word_1_273' title='bbox 862 4773 915 4860; x_wconf 89' lang='lat' dir='ltr'>de</span> <span class='ocrx_word' id='word_1_274' title='bbox 938 4759 1017 4858; x_wconf 86' lang='lat' dir='ltr'>diis</span> <span class='ocrx_word' id='word_1_275' title='bbox 1043 4773 1224 4871; x_wconf 88' lang='lat' dir='ltr'>Indicis,</span> <span class='ocrx_word' id='word_1_276' title='bbox 1256 4795 1487 4884; x_wconf 87' lang='lat' dir='ltr'>eorumque</span> <span class='ocrx_word' id='word_1_277' title='bbox 1532 4767 1645 4864; x_wconf 83' lang='lat' dir='ltr'>cultu</span> <span class='ocrx_word' id='word_1_278' title='bbox 1691 4793 1774 4876; x_wconf 90' lang='lat' dir='ltr'>pu·</span> 
     </span>
     <span class='ocr_line' id='line_1_34' title="bbox 326 4891 1774 5014; baseline -0.006 -35"><span class='ocrx_word' id='word_1_279' title='bbox 326 4893 440 4986; x_wconf 89' lang='lat' dir='ltr'>blico</span> <span class='ocrx_word' id='word_1_280' title='bbox 463 4901 587 4986; x_wconf 90' lang='lat' dir='ltr'>tradit</span> <span class='ocrx_word' id='word_1_281' title='bbox 620 4904 680 4986; x_wconf 86' lang='lat' dir='ltr'>vir</span> <span class='ocrx_word' id='word_1_282' title='bbox 709 4903 892 5014; x_wconf 71' lang='lat' dir='ltr'>apprlmd</span> <span class='ocrx_word' id='word_1_283' title='bbox 928 4899 1079 4984; x_wconf 87' lang='lat' dir='ltr'>doctus</span> <span class='ocrx_word' id='word_1_284' title='bbox 1114 4899 1282 4984; x_wconf 81' lang='lat' dir='ltr'>loannes</span> <span class='ocrx_word' id='word_1_285' title='bbox 1317 4895 1534 5011; x_wconf 65' lang='lat' dir='ltr'>fridericus</span> <span class='ocrx_word' id='word_1_286' title='bbox 1568 4891 1774 4986; x_wconf 83' lang='lat' dir='ltr'>Kleuker,</span> 
     </span>
     <span class='ocr_line' id='line_1_35' title="bbox 322 5013 1774 5132; baseline -0.009 -26"><span class='ocrx_word' id='word_1_287' title='bbox 322 5021 528 5112; x_wconf 81' lang='lat' dir='ltr'>Professor</span> <span class='ocrx_word' id='word_1_288' title='bbox 562 5028 837 5126; x_wconf 87' lang='lat' dir='ltr'>Kiloniensis,</span> <span class='ocrx_word' id='word_1_289' title='bbox 874 5030 916 5110; x_wconf 89' lang='lat' dir='ltr'>in</span> <span class='ocrx_word' id='word_1_290' title='bbox 940 5026 1050 5112; x_wconf 92' lang='lat' dir='ltr'>libro</span> <span class='ocrx_word' id='word_1_291' title='bbox 1079 5025 1370 5111; x_wconf 82' lang='lat' dir='ltr'>Germanico</span> <span class='ocrx_word' id='word_1_292' title='bbox 1356 5023 1586 5132; x_wconf 87' lang='lat' dir='ltr'>rnscripto.</span> <span class='ocrx_word' id='word_1_293' title='bbox 1618 5013 1774 5100; x_wconf 71' lang='lat' dir='ltr'>nisan</span> 
     </span>
     <span class='ocr_line' id='line_1_36' title="bbox 304 5143 1774 5265; baseline -0.007 -33"><span class='ocrx_word' id='word_1_294' title='bbox 304 5147 496 5265; x_wconf 84' lang='lat' dir='ltr'>&#39;diungest</span> <span class='ocrx_word' id='word_1_295' title='bbox 530 5151 630 5238; x_wconf 80' lang='lat' dir='ltr'>iiber</span> <span class='ocrx_word' id='word_1_296' title='bbox 664 5151 735 5240; x_wconf 74' lang='lat' dir='ltr'>tie</span> <span class='ocrx_word' id='word_1_297' title='bbox 773 5151 994 5235; x_wconf 83' lang='lat' dir='ltr'>Gesclu&#39;rirte</span> <span class='ocrx_word' id='word_1_298' title='bbox 1033 5155 1119 5237; x_wconf 79' lang='lat' dir='ltr'>und</span> <span class='ocrx_word' id='word_1_299' title='bbox 1137 5143 1460 5245; x_wconf 82' lang='lat' dir='ltr'>Altertirs&#39;t&#39;mer,</span> <span class='ocrx_word' id='word_1_300' title='bbox 1492 5143 1558 5228; x_wconf 81' lang='lat' dir='ltr'>die</span> <span class='ocrx_word' id='word_1_301' title='bbox 1593 5145 1774 5240; x_wconf 75' lang='lat' dir='ltr'>lliinste,</span> 
     </span>
    </p>
   </div>
   <div class='ocr_carea' id='block_1_5' title="bbox 0 0 2276 6276">
    <p class='ocr_par' dir='ltr' id='par_1_11' title="bbox 0 0 2276 6276">
     <span class='ocr_line' id='line_1_37' title="bbox 0 0 2276 6276; baseline 0 11"><span class='ocrx_word' id='word_1_302' title='bbox 0 0 2276 6276; x_wconf 95' lang='lat' dir='ltr'> </span> 
     </span>
    </p>
   </div>
  </div>
 </body>
</html>
