4544 6276
396 513 417 564 s
474 503 562 571 eoa
605 555 610 560 .

407 685 410 692 .
472 607 653 715 Semeu,
685 610 815 716 vidu,
849 605 1036 720 bidjam·
1157 688 1161 696 ,

474 738 626 839 Satio,
652 737 763 826 vitri.

474 864 980 980 Vermis,pr,ini,crrni.
1087 851 1100 866 “

472 993 628 1107 Seges,
662 989 878 1107 pantsthi,
910 991 1043 1074 krszi.
1166 1073 1177 1080 .

471 1115 694 1216 Antrum,
723 1120 882 1217 hulam,
900 1113 1140 1234 lirragalam,
1173 1101 1328 1196 sirum·
1433 1130 1436 1138 ’

472 1241 584 1363 Ager
614 1271 748 1334 aratro
776 1248 997 1347 subactus,
1029 1265 1075 1328 et
1099 1239 1253 1328 semine
1281 1229 1480 1338 refertus,
1513 1231 1686 1324 krsztam
1705 1273 1727 1342 ¹,
1756 1238 1942 1365 halyana.

418 1481 421 1488 Δ
472 1373 670 1476 Sarritio,
691 1371 1003 1462 krszivitlasam,
1293 1363 1299 1374 ’
1831 1400 1838 1408 ·
1888 1439 1891 1446 .
1947 1354 1953 1376 ’

472 1499 605 1598 Villa,
636 1503 910 1602 suburbium,
946 1497 1203 1612 ubanagari,
1234 1491 1547 1606 ubapatanam,
1582 1490 1860 1616 ubaviszaya.

472 1627 628 1712 Hortus
659 1631 833 1730 florum,
868 1627 1138 1745 viridarium,
1166 1645 1463 1736 puszpavanam
1480 1677 1496 1720 „
1523 1614 1755 1708 immam:

469 1753 707 1840 Delubru=·n
728 1759 946 1855 rusticum,
983 1740 1164 1838 iihiram
1188 1805 1204 1830 .
1715 1780 1718 1788 ’

470 1879 689 1978 Castrum,
723 1884 1016 1996 municipium,
1046 1876 1185 1978 kirtta,
1219 1877 1460 1990 durggam.

471 2006 719 2110 Praedium,
752 2009 915 2108 liudem,
955 2035 1157 2126 upeyam,
1185 2005 1342 2090 nilamt

470 2131 639 2220 Villicus
656 2193 675 2232 ,‚
704 2133 912 2236 ltrszicir,
941 2137 997 2220 vil
1013 2194 1031 2237 ,‚
1056 2135 1261 2251 veyshya,
1281 2128 1474 2214 krshaca.

470 2299 620 2392 Asinus
638 2361 656 2408 ,
683 2321 850 2439 riggo.
867 2306 1101 2423 gadubham
1121 2361 1136 2403 ,
1158 2307 1305 2386 mamb
1338 2297 1457 2382 khara
1477 2347 1491 2393 s
1516 2313 1588 2383 ms
1599 2300 1755 2390 uaros&
1774 2294 2005 2399 risambha,

1208 2432 1212 2498 l
1410 2449 1418 2488 r

533 2531 842 2614 mameawb
867 2519 1048 2639 brileya,
1088 2524 1270 2610 mrsno‘ad
1299 2542 1475 2604 ravano.

403 2783 420 2808 ι
472 2733 924 2836 Porcusdtomesti'cus,
955 2746 1328 2870 &camp-oft&
1356 2728 1735 2852 sircaragtdmparn.

348 2921 351 2928 ’
471 2906 632 3003 Canis,
661 2899 938 3020 sairameyam,
964 2933 1145 3008 cutura,
1170 2907 1372 3005 shunaca,
1405 2902 1535 3004 sior,
1564 2901 1754 2996 sivdvat
1778 2899 1888 2984 unde
1911 2897 2005 3000 fot,-

462 3041 466 3076 ¹
534 3033 648 3115 tussis
673 3031 809 3116 rubus
836 3031 945 3114 canis
981 3059 1136 3119 nomen·
1172 3033 1280 3148 apud
1308 3033 1489 3127 Medost
1521 3029 1578 3115 nir
1609 3033 1682 3151 γὰρ
1716 3024 1808 3112 airu
1837 3023 2003 3112 suaisca

535 3159 673 3244 σπάκα,
704 3161 864 3259 Midas,
893 3160 1136 3248 Herodotus
1163 3160 1235 3244 lib.
1256 3189 1321 3262 1.,
1348 3185 1388 3246 et
1415 3161 1601 3249 lustinus
1624 3157 1701 3240 lib..
1724 3185 1761 3240 1.
1788 3185 1865 3265 c.4.
1895 3157 2011 3266 Cer-¹

529 3283 570 3370 ti:
602 3289 647 3368 in
673 3287 819 3399 plurali
846 3290 970 3372 etiam
992 3288 1291 3377 Malabarenses
1310 3289 1715 3376 dicuntsvarar.'1n
1746 3284 1897 3399 quibus
1919 3307 1994 3366 no·

532 3411 711 3498 minibus
743 3440 792 3496 ex
817 3415 930 3498 litera
959 3437 1003 3522 p,
1030 3443 1107 3529 pro
1124 3447 1178 3500 ur.v
1202 3419 1356 3502 intrusa
1374 3476 1387 3518 ,
1405 3419 1567 3532 exurgit
1594 3415 1816 3498 Medorum
1838 3433 1989 3520 spara,

532 3561 575 3626 et
603 3541 831 3626 Russotum
865 3540 1012 3625 sabare
1037 3545 1173 3628 canis.
1200 3546 1331 3630 Persis
1356 3575 1453 3660 sag,
1487 3545 1627 3628 canis.
1655 3535 1714 3646 (l)

567 3766 628 3866 (*)
680 3763 859 3861 Quamvis
882 3767 1102 3844 contendere
1125 3768 1262 3860 ausim,
1290 3770 1504 3848 Sermonem
1533 3761 1859 3842 Samscrdamicum
1888 3773 1993 3832 vete-

464 3869 567 3946 ribus
589 3868 713 3946 Medis
735 3895 809 3944 non
842 3869 1009 3972 ignotum
1037 3873 1170 3964 fuisse,
1205 3891 1365 3948 attamen
1400 3901 1511 3975 quam
1538 3869 1752 3970 longissime
1772 3868 1911 3940 'absunt
1944 3863 1993 3938 ab

462 3975 636 4074 opinione
660 3975 866 4074 Anquetilii
896 3979 947 4050 du
974 3976 1114 4051 Percon-
1139 4027 1157 4067 ,.
1198 3978 1263 4076 qui
1296 3977 1492 4067 Zendicum
1532 3975 1672 4048 idioma
1704 3963 1993 4046 Samserdamico

461 4103 637 4180 perquam
654 4078 759 4154 affine
780 4087 869 4155 'cum
895 4079 1018 4179 lingua
1041 4081 1179 4158 iberica
1199 4105 1263 4156 seu
1294 4083 1500 4178 Georgium
1533 4079 1711 4153 hodierna
1727 4071 1993 4175 cognationem

460 4187 590 4260 habere
619 4186 842 4260 arbitratur·
864 4183 951 4258 Via„
964 4183 1076 4258 Zered
1099 4185 1239 4259 Aberta
1265 4187 1354 4260 edit·
1375 4187 1490 4261 Paris·
1512 4203 1607 4258 tom·
1624 4183 1679 4256 ΙΙ·
1703 4197 1789 4280 pa'gt
1804 4167 1993 4272 424·‹Pr2·

453 4283 536 4380 fuce
560 4311 623 4364 tur
649 4287 703 4362 les
734 4281 987 4361 llorebuluirer
1013 4288 1074 4363 det
1105 4276 1306 4364 ricomer
1329 4289 1480 4390 langues
1520 4289 1569 4362 de·
1600 4285 1640 4360 lu
1669 4281 1809 4360 Perse.
1833 4281 1895 4354 Ad
1917 4276 1989 4350 hoc

459 4393 644 4466 somnium
659 4391 928 4488 dispellendum
956 4391 1136 4490 inspicere
1165 4393 1298 4468 sufficit
1324 4397 1585 4492 Syaragnrutorr
1607 4391 1838 4487 Linguurum
1856 4379 1990 4494 Orien·

459 4491 618 4580 talium,
641 4494 793 4592 praeire
814 4495 996 4592 Georgiue
1012 4493 1233 4594 Regionibrrs
1248 4497 1486 4572 audiuntur.
1512 4497 1654 4570 Rornae
1671 4515 1718 4567 ex
1730 4481 1990 4590 Typographra

460 4598 648 4694 &Congu
669 4597 715 4672 de
743 4598 852 4698 Prop·
873 4599 961 4675 Fide
975 4603 1134 4708 ,subpo
1152 4605 1315 4678 Auctore
1338 4605 1384 4676 i).
1401 4601 1531 4674 Fratre·
1547 4597 1663 4672 Maria
1689 4589 1866 4692 Maggio.
1888 4591 1991 4660 Som-

459 4697 575 4774 niavit
597 4699 770 4794 Anquetil
787 4701 833 4776 du
850 4703 989 4778 Person
1012 4706 1125 4782 etiam
1147 4724 1263 4793 tunc,
1280 4715 1370 4781 dum
1385 4703 1575 4802 inquiebat
1594 4725 1607 4774 t
1626 4699 1661 4776 ii
1671 4723 1724 4796 γε
1738 4697 1788 4769 du
1800 4688 1985 4769 Sumskre·

460 4821 523 4880 tan
550 4799 615 4876 det
629 4795 804 4898 diffitens
833 4829 940 4900 ages.
965 4809 1044 4882 Cur
1075 4833 1168 4908 ergo
1191 4811 1292 4884 nulla
1316 4805 1423 4884 uario
1444 4831 1537 4882 aevo
1553 4823 1717 4882 mutatae
1738 4788 1987 4874 samsertlami·

393 4951 399 4960 ·
457 4931 519 4983 eac
537 4905 682 5009 linguae
702 4905 904 5006 specimina
928 4907 1107 4986 adiurit?
1133 4913 1218 4986 Una
1240 4931 1294 4984 est
1310 4961 1325 5002 ,
1340 4935 1456 5009 eaque
1479 4911 1517 4985 in
1543 4905 1718 5010 genuinis
1742 4903 1918 4978 Indorum
1944 4894 1996 4970 li-

458 5013 533 5088 bris
557 5029 733 5088 constans
756 5027 795 5085 et
819 5010 901 5086 sine
925 5013 1182 5092 vicissitudine
1208 5015 1299 5089 haec
1327 5015 1557 5092 admirabilis
1589 5013 1739 5114 lingua·
1768 5008 1990 5100 Corruptto·

456 5139 521 5192 nes
549 5117 649 5194 illius
676 5135 716 5196 tt
739 5115 913 5207 dialecti,
938 5119 1068 5218 utique
1099 5119 1204 5195 inter
1228 5143 1267 5194 se
1294 5120 1570 5218 discrepantes,
1599 5144 1668 5218 per·
1695 5111 1798 5188 varia
1830 5113 1992 5208 regnaut

455 5243 581 5326 gentes
602 5241 695 5300 suet
719 5223 932 5318 inumerare,
958 5223 1064 5302 ratio
1085 5250 1207 5318 aero,
1247 5242 1287 5301 et
1314 5225 1522 5303 incolarum
1561 5220 1681 5300 indoli
1710 5205 1992 5295 attribuendae.
