4552 6266
1747 478 1774 554 6

442 593 536 678 Hoc
572 583 654 677 fere
689 557 816 676 modo
838 606 1143 700 componuntur
1165 582 1295 669 etlam·
1313 580 1375 668 alli
1398 599 1533 684 casus,
1565 610 1648 700 vg:
1667 495 1806 674 mog

315 715 384 804 rit
409 717 572 831 bloyam
589 774 603 816 ,
637 743 686 800 err
721 715 806 801 fure
838 735 995 810 metus,
1029 712 1099 796 ubi
1140 707 1314 792 trrlrorcil
1349 732 1408 792 est
1448 735 1559 794 casus
1604 713 1801 825 quintus,

316 842 508 930 contrahe
532 863 572 925 et
596 842 692 925 dic:
727 835 1087 951 Tsrlrlrablrayam.
1119 835 1177 918 Ita
1213 833 1461 919 contrahitur
1497 837 1695 949 genitivus
1730 864 1803 926 seu

314 994 426 1054 casus
453 977 521 1062 6.,
555 993 592 1047 v.
608 991 644 1076 g·
671 961 827 1065 liridjna
854 983 1059 1068 purusza,
1092 960 1158 1044 dic
1186 955 1478 1066 raidjapurusza
1508 963 1610 1075 tegis
1634 964 1722 1060 vir,
1742 965 1804 1048 vir

314 1093 477 1206 regius.
511 1091 700 1174 Similiter
728 1085 977 1172 contrahitur
1020 1111 1133 1168 casus
1158 1111 1224 1188 7.,
1258 1107 1303 1168 ut
1327 1084 1534 1168 alscle‘sza
1562 1086 1801 1188 rhaandlra,

312 1218 445 1323 jocis,
471 1213 623 1297 lusibus
643 1212 804 1306 ebrius,
837 1213 905 1294 dic
932 1210 1072 1294 melius
1099 1207 1406 1294 contrahendo:
1440 1210 1806 1306 aksclraslraundlrar

314 1342 368 1424 ita
396 1339 542 1450 pariter
576 1339 671 1420 loco
700 1332 1007 1449 vrksrlrasyrlgrl
1036 1337 1077 1420 in
1120 1334 1275 1418 arboris
1310 1334 1460 1446 apice,
1492 1334 1718 1448 elegantius
1751 1335 1807 1422 di·

314 1465 420 1564 citur
454 1460 752 1572 agrivrksclra.
1781 1567 1784 1574 Ι

438 1586 591 1668 Similes
620 1585 930 1690 conjunctiones
960 1602 1180 1667 occurrunt
1201 1583 1305 1666 inter
1328 1581 1524 1685 adjectiva
1552 1603 1592 1664 et
1619 1583 1802 1672 substan·

317 1713 431 1807 tiva,
464 1735 502 1790 v.
521 1737 561 1822 g.
585 1705 710 1793 ailam
730 1763 743 1804 ,
767 1705 962 1790 caeruleus
987 1708 1262 1812 adjectivum,
1296 1705 1471 1812 ulpalam
1500 1701 1651 1792 fructus
1667 1763 1682 1806 ,
1701 1709 1801 1805 llos,

315 1859 511 1950 germeu3
544 1832 672 1939 abjice
701 1834 868 1917 litteram
893 1859 956 1930 m,
989 1854 1029 1916 et
1058 1853 1167 1916 muta
1196 1832 1459 1943 penultimam
1484 1859 1511 1912 a
1543 1833 1587 1915 in
1616 1829 1730 1932 nlla,
1761 1855 1803 1918 et

315 1960 480 2071 primam
506 1987 544 2038 u.
570 1960 612 2040 in
638 1982 740 2041 voce
772 1955 945 2063 ulpalam
971 1957 1013 2038 in
1048 1983 1174 2040 unum
1201 1956 1334 2042 solum
1361 1983 1382 2036 o
1412 1953 1613 2070 longum,
1645 1953 1715 2040 fiet
1742 1953 1804 2038 ni·
1935 2051 1940 2057 .

314 2081 527 2190 lllpalam,
562 2081 633 2164 llos
657 2082 890 2176 caeruleus,
922 2081 975 2163 ita
1005 2079 1228 2186 maholpala
1255 2085 1327 2165 llos
1361 2073 1535 2162 Tamara
1564 2107 1653 2164 seu·
1673 2080 1803 2196 Nym·

312 2205 459 2318 phaea:
494 2207 766 2317 compositum
796 2228 854 2288 est
883 2233 932 2290 err
962 2203 1080 2290 mala*
1110 2229 1310 2318 magnus,
1342 2225 1384 2287 et
1402 2203 1540 2312 ulpala
1562 2205 1666 2306 flos,
1688 2204 1801 2290 unde

309 2329 354 2414 fit
381 2327 623 2438 mahllpala,
658 2355 807 2414 nomen
840 2328 1113 2444 nymphaeae.

436 2453 627 2559 Lucidius
656 2453 751 2537 haec
778 2455 1019 2565 compositio
1048 2454 1213 2564 patescit
1233 2455 1275 2534 in
1299 2475 1402 2541 vote
1432 2448 1555 2534 uslna
1589 2451 1726 2550 calor,
1761 2473 1802 2538 et

310 2577 427 2660 maha
457 2601 648 2688 magnus.
681 2575 831 2660 Elidito
862 2577 1038 2659 ultimam
1062 2575 1230 2660 litteram
1254 2603 1280 2656 a
1309 2577 1349 2659 in
1386 2575 1531 2672 malta,
1566 2597 1606 2658 et
1630 2578 1800 2685 primam

311 2731 337 2784 u
366 2703 409 2780 in
436 2698 582 2796 asina,
616 2721 655 2782 et
682 2721 792 2784 muta
823 2701 957 2784 ambas
993 2699 1035 2779 in
1072 2727 1092 2777 o
1125 2699 1327 2814 longum,
1359 2698 1427 2782 fiet
1451 2697 1695 2798 mallislrna,
1726 2727 1804 2786 trra⁴

311 2849 414 2938 gnus
445 2821 584 2904 calor.
616 2824 724 2904 Haec
749 2823 888 2935 regula
919 2822 1024 2906 valet
1055 2821 1172 2906 etiam
1197 2849 1274 2936 pro
1297 2820 1530 2920 femininis,
1562 2821 1660 2906 dum
1700 2823 1799 2907 ulti·

311 2965 374 3030 ma
401 2945 671 3026 antecedentis
705 2969 745 3028 et
791 2950 915 3055 prima
948 2946 1097 3030 vocalis
1136 2949 1338 3061 sequentis
1367 2967 1661 3044 concurrunt,
1693 2973 1799 3061 quae

309 3095 462 3178 semper
492 3067 585 3148 elidi
609 3068 790 3151 debent.
821 3071 928 3163 Alias
969 3068 1041 3152 ubi
1081 3069 1155 3154 hae
1195 3072 1351 3156 vocales
1396 3097 1480 3154 non
1516 3093 1797 3171 concurrunt,

309 3193 548 3297 adjectivum
580 3215 744 3276 mutare.
763 3192 869 3278 haud
899 3216 958 3276 est
988 3218 1173 3279 necesse..
1207 3195 1258 3276 V.
1276 3221 1316 3308 g·
1360 3195 1501 3276 lrslrna
1532 3197 1645 3306 niger
1675 3217 1793 3302 sarpa

309 3341 499 3428 serpens,
522 3315 616 3399 dic:
643 3317 923 3423 krslrnasarpa,
957 3319 1070 3428 niger
1098 3345 1292 3428 serpenss
1325 3318 1465 3399 lrslrna
1492 3344 1652 3400 varana
1681 3373 1694 3414 ,
1736 3319 1795 3400 ni·

308 3467 380 3556 ger
414 3443 549 3535 color,
583 3457 735 3522 uttama
766 3439 948 3554 blrrlryd,
979 3442 1132 3548 optima
1168 3467 1298 3540 uxor,
1329 3460 1440 3524 rasta
1486 3459 1629 3522 vostra
1674 3437 1797 3527 rubra

308 3565 424 3649 vestis
449 3567 542 3666 &ca
562 3562 743 3646 Subinde
778 3587 908 3648 tamen
935 3585 975 3646 et
1004 3565 1045 3644 in
1073 3563 1132 3646 his
1160 3564 1363 3669 adjectivis
1385 3567 1514 3649 littera
1530 3565 1667 3647 ultima
1703 3557 1797 3650 muss
1831 3589 1834 3630 1

309 3711 436 3783 tatur,
465 3709 508 3769 ut
531 3685 768 3770 ksclrubhida
792 3689 948 3786 nacla,
980 3689 1103 3772 iratus
1131 3687 1348 3790 dominus,
1378 3690 1443 3774 dic
1481 3688 1625 3774 melius
1658 3688 1797 3772 uslu-

309 3807 572 3893 llidlndrla.
699 3858 701 3862 ·
1476 3883 1479 3897 .
1669 3887 1675 3898 .

432 3935 608 4054 Nomina
633 3959 737 4045 quae
771 3935 929 4019 laudem
959 3955 1000 4016 et
1029 3937 1305 4045 praestantiam
1343 3929 1601 4045 significant,
1635 3955 1724 4045 apte
1756 3954 1797 4018 et

307 4058 507 4171 eleganter
531 4060 568 4141 ei
607 4061 760 4140 nomini
775 4079 1108 4171 postponuntur,
1139 4061 1255 4165 cujus
1269 4061 1544 4170 praestantiam
1569 4060 1795 4142 extollunt.

306 4183 415 4265 Talia
449 4206 542 4263 sunt
579 4178 836 4280 vrndrirata,
866 4183 1001 4292 tulga,
1033 4181 1196 4282 cudjara
1215 4239 1236 4278 ,.
1261 4205 1302 4266 et
1339 4182 1442 4265 alia.
1473 4186 1536 4266 Sic
1568 4183 1692 4295 igitur
1724 4183 1790 4265 di-

305 4333 394 4388 ces:
428 4322 607 4386 narrtaca
634 4306 895 4405 ornddraca,
926 4307 1155 4390 saltatorum
1186 4333 1312 4415 apex,
1340 4305 1405 4389 vel
1430 4309 1548 4389 etiam
1579 4329 1792 4407 cantorum

306 4449 472 4526 vertex,
503 4428 654 4526 idest,
681 4429 889 4538 princeps.
922 4432 980 4512 Ita
1006 4427 1287 4540 givrndriraca
1323 4455 1532 4515 vaccarum
1570 4432 1789 4542 princeps3

302 4547 536 4662 aslrvanriga
569 4579 767 4667 equorum
798 4551 1286 4666 praecipuus,gicudjara
1309 4580 1516 4638 vaccarum
1542 4557 1788 4667 praecipua.

430 4673 688 4780 Adjectivum
711 4705 812 4793 anya
839 4677 1022 4775 alienus,
1057 4677 1181 4773 alter,
1202 4678 1324 4777 alius,
1347 4679 1444 4764 dum
1469 4683 1672 4764 concurrit
1696 4703 1788 4762 cum

305 4799 468 4882 nomine
492 4798 709 4910 incipiente
735 4827 758 4884 a
780 4801 935 4900 vocali,
967 4799 1170 4914 eleganter
1197 4825 1372 4887 mutatur
1397 4805 1440 4887 in
1467 4833 1550 4901 an,
1575 4832 1612 4888 v.
1629 4831 1669 4916 g.
1706 4827 1791 4896 non

303 4921 451 5006 dicitur
484 4949 585 5036 anya
608 4925 737 5006 arhva
754 4983 768 5026 ,
788 4927 851 5010 vel
879 4925 1157 5039 asluadanya,
1178 4926 1249 5009 sed
1274 4925 1447 5010 anaslrua
1463 4927 1560 5012 alius
1582 4928 1632 5010 ab
1659 4951 1791 5038 equo,
1826 4971 1831 4982 ·

303 5045 404 5161 item
432 5046 585 5129 alienus
626 5075 789 5162 equus,
821 5051 875 5134 sic
916 5078 1021 5169 onya
1047 5049 1162 5133 ishda
1209 5049 1380 5136 alienum
1417 5077 1439 5135 a
1480 5073 1601 5165 gustu
1634 5049 1709 5134 ,vel
1741 5045 1793 5130 ab
1890 5085 1892 5092 ·

301 5169 484 5284 appetitu
514 5169 579 5257 dic
615 5171 815 5258 anislrda.
1472 5178 1490 5258 l
1526 5203 1547 5258 2
