4552 6266
763 477 810 720 J
936 479 1342 683 orout
1444 565 1589 680 vu

690 823 772 938 00
805 819 1028 972 Atlalytt'
1058 825 1358 946 Nominum,
1406 817 1469 932 cie
1503 815 1821 948 Aduerbio,-

685 1136 691 1144 .
727 981 1195 1132 Praepositionibus
1215 1005 1267 1108 et
1284 973 1766 1120 Coujuuctr‘ouibrig,

1027 1235 1387 1322 suc‘rlo
1463 1235 1496 1316 1.

793 1481 1138 1587 urconjuauune
1157 1501 1196 1566 et
1213 1481 1462 1594 separatione
1477 1479 1720 1590 dictionum}

511 1601 760 1821 Tandem
786 1733 1039 1844 pervenimus
1058 1731 1107 1816 ad
1130 1729 1197 1830 id,
1209 1727 1328 1845 quod
1343 1731 1385 1812 in
1404 1726 1867 1841 linguasamscrdmica
1885 1729 2002 1811 maxi·

509 1883 615 1942 mam
647 1851 917 1940 difficultatem
954 1853 1140 1940 facessit.
1176 1856 1386 1938 Dictiones
1421 1881 1566 1968 nempe
1594 1854 1711 1958 hujus
1741 1851 1901 1965 linguae
1933 1877 2008 1962 pet

507 1982 731 2072 litterarum
753 1979 937 2064 elisiones
970 2002 1011 2062 et
1046 1981 1285 2062 mutationes
1317 1981 1370 2060 ita
1400 1975 1506 2061 inter
1538 2005 1580 2060 se
1608 1973 1858 2086 copulantur
1875 1995 1916 2056 et
1938 1975 2002 2061 ad

508 2105 787 2216 stringuntur,
822 2125 866 2186 ut
891 2107 1042 2216 integra
1069 2104 1173 2186 linea
1193 2100 1435 2184 vocabulum
1462 2123 1531 2184 aut
1555 2099 1726 2184 verbnm
1755 2101 1921 2184 unicum
1943 2125 2000 2182 es·

507 2252 556 2314 se
574 2225 778 2321 videatut3
811 2229 905 2340 quia
937 2228 1122 2309 naturalis
1152 2225 1377 2308 dictionum
1403 2225 1500 2306 situs
1533 2243 1573 2307 et
1594 2225 1803 2307 nominum
1820 2225 2004 2308 termina·

507 2351 572 2436 tio
596 2374 667 2458 per
693 2349 912 2434 litterarum
940 2351 1144 2435 elisionem
1175 2347 1352 2444 tollitur,
1384 2373 1431 2429 ac
1465 2347 1637 2458 proinde
1669 2348 1905 2458 primigenia
1945 2349 2003 2429 si·

503 2469 707 2592 'grimano
734 2471 906 2556 tenebris
924 2473 1183 2558 obvolvitur.
1210 2499 1243 2554 e.
1260 2499 1301 2585 g.
1327 2470 1423 2554 haec
1443 2473 1666 2584 propositio
1686 2502 1696 2550 ε
1718 2467 1914 2582 Rimasytr
1929 2469 2004 2550 na*-

506 2593 735 2708 nuntiaturi,
764 2603 911 2680 Kanrre
933 2597 1001 2678 deo
1038 2625 1112 2678 non
1137 2597 1293 2691 datur,
1331 2623 1408 2676 nrm
1436 2594 1696 2690 estsimilis,
1732 2621 1810 2678 suo·
1837 2593 2003 2676 naturali
2117 2635 2121 2646 ·

507 2723 589 2808 situ·
617 2716 932 2804 scribi-deberet
955 2718 1034 2802 iroc
1066 2720 1216 2803 modo:
1250 2716 1446 2828 Rimasyu
1479 2747 1532 2800 na
1561 2717 1643 2799 usti
1661 2716 1829 2813 alumi,
1847 2717 2003 2818 ¹Romae

415 2869 420 2878 ·
510 2869 598 2928 nnn
627 2861 686 2921 est
710 2840 964 2924 similitudo.
999 2841 1151 2925 Verum
1174 2842 1268 2954 quia
1294 2863 1387 2952 post
1411 2869 1464 2922 nn
1490 2845 1671 2954 sequitur
1693 2841 1830 2926 iterum
1849 2841 2002 2923 vocalis

508 2995 535 3052 a
559 2967 602 3047 i'n
639 2988 742 3046 voce
776 2965 857 3046 asli
879 2985 937 3048 est
956 3024 968 3063 ‚
988 2963 1081 3048 hinc
1111 2961 1180 3062 fit,
1214 2985 1260 3046 ut
1288 2963 1433 3049 vocalis
1460 2991 1510 3056 na
1527 2985 1570 3056 ¹er
1589 2965 1715 3075 prima
1734 2965 1774 3045 in
1788 2961 1866 3046 asti
1883 2963 2013 3076 liqui-¹

508 3089 682 3184 dentur,
700 3085 1018 3186 contrahantur,
1049 3111 1094 3172 et·
1117 3089 1221 3176 duae
1255 3087 1394 3172 breves
1424 3087 1583 3173 vocales
1613 3090 1654 3170 in
1686 3079 1806 3180 u'nam
1840 3085 2002 3187 solam,

508 3239 654 3324 nempe
679 3211 721 3292 in
745 3240 770 3291 a
792 3210 961 3326 longum
990 3235 1211 3296 transeant.
1231 3200 1301 3295 ¹Est
1323 3202 1385 3294 lis
1409 3205 1532 3324 igitur
1550 3209 1651 3295 elisis
1670 3237 1711 3294 et
1722 3211 1936 3304 conuectis
1954 3207 2002 3294 fi'tw

506 3335 748 3432 mirtheum
764 3334 898 3426 ultima
920 3337 1054 3420 vocali
1073 3337 1122 3430 i,
1155 3361 1263 3448 qnae
1284 3335 1379 3450 quia
1406 3336 1551 3418 iterum
1582 3337 1902 3418 concurritcunt
1931 3359 1998 3417 vo·

506 3461 583 3544 cali
610 3488 636 3541 u
658 3461 861 3569 sequentis
887 3457 1075 3542 vocabuli
1105 3453 1277 3555 alama,
1311 3485 1334 3538 e
1362 3457 1499 3542 medio
1529 3459 1706 3556 tollitur,
1733 3448 1807 3560 sed
1819 3460 1887 3541 sui
1900 3455 2001 3542 loco
2058 3503 2062 3514 ·

505 3581 647 3690 recipit
668 3575 834 3663 litteram
857 3608 915 3694 y,
947 3605 1051 3693 quae
1093 3581 1250 3698 iterum¹
1269 3582 1311 3660 in
1336 3605 1377 3662 se
1406 3583 1546 3694 recipit
1577 3574 1742 3666 formam
1776 3607 1821 3666 et
1851 3605 2001 3662 sonunt

504 3703 708 3818 sequentis
732 3701 879 3786 vocalis
909 3733 962 3803 u,
997 3702 1105 3787 unde
1134 3705 1339 3822 consurgit
1369 3700 1497 3792 dictio
1511 3697 1799 3820 tittyula'tnri,
1823 3729 1906 3788 non
1938 3723 1999 3786 est

504 3827 757 3920 similitudo.

467 3943 468 3950 ‘
631 3955 717 4056 Hae
748 3956 1072 4054 contractiones,
1105 3945 1295 4040 elisiones
1320 3975 1365 4038 et
1392 3955 1632 4040 mutationes
1678 3955 1797 4062 lrujus
1833 3951 1995 4064 linguae

487 4078 694 4187 ‘impetitis
718 4075 850 4161 ansam
884 4079 1030 4162 dedere
1057 4107 1142 4163 eam
1172 4083 1225 4171 in,
1247 4081 1398 4164 crimen
1426 4079 1627 4176 ducendi,
1659 4079 1772 4194 quasi
1789 4103 1833 4159 ea
1851 4077 2000 4186 longis·

502 4201 599 4286 sima
628 4199 825 4288 vocabula
855 4201 1043 4297 haberet,
1075 4203 1225 4315 quibus
1255 4203 1520 4287 enuncIandis
1548 4202 1680 4285 nullus
1707 4203 1870 4297 italicus,
1887 4197 1996 4281 nulla

504 4323 633 4407 anima
646 4317 835 4406 sufficiat.
868 4325 1003 4436 Quare
1028 4327 1083 4408 D.
1097 4333 1247 4408 Carnrt
1263 4328 1535 4430 ‚accademiae
1561 4320 1992 4417 CalcuttanaeSocius,

393 4435 406 4452 ”
503 4443 564 4524 vit
594 4449 711 4526 armis
751 4447 874 4558 magis
910 4473 1031 4560 quam
1070 4449 1221 4560 linguis
1255 4451 1454 4545 idoneus,
1504 4449 1635 4532 verbis
1675 4471 1715 4531 et
1755 4446 1991 4530 nominibus
2068 4433 2073 4445 ’

500 4565 818 4666 Samscrdamiois
833 4573 1065 4682 compositis
1083 4563 1236 4654 centnm
1248 4570 1537 4682 quinquaginta
1552 4629 1566 4670 ,
1583 4571 1804 4682 etamplius
1824 4567 1993 4682 syllabas

500 4691 627 4772 inesse
662 4689 882 4786 credebat,
912 4721 1046 4804 neque
1086 4695 1193 4776 idem
1225 4720 1392 4776 asserere
1429 4693 1643 4777 verebatur
1668 4753 1681 4776 .
1709 4701 1747 4779 A
1779 4687 1993 4796 tempnunt}
2052 4757 2058 4772 ‚

501 4813 608 4894 nord
646 4811 695 4920 of
719 4839 773 4894 an
800 4812 976 4896 hundred
1006 4817 1087 4894 and
1099 4813 1286 4926 fifty-tuo
1314 4814 1537 4926 syllables.
1567 4813 1720 4900 moesis
1743 4817 1797 4898 D.
1817 4816 1849 4895 1.
1883 4811 1988 4894 Frid.

500 4935 843 5024 willermum
868 4935 1176 5046 Ablandlungen
1207 4937 1299 5019 oder
1328 4939 1393 5019 dit
1431 4939 1649 5022 Gesclticltte
1677 4941 1758 5022 tend
1785 4935 1988 5021 Altertlru·

495 5085 581 5146 uter
600 5059 774 5159 attens,
802 5087 894 5179 pag.
915 5091 999 5164 10,
1032 5047 1131 5178 Riga
1154 5087 1266 5170 1795
1291 5107 1355 5127 -
1379 5061 1515 5150 Simile
1538 5065 1639 5182 quid
1676 5063 1897 5176 suspicatus
1926 5073 1985 5142 est
