4544 6276
541 415 603 496 62·

510 427 542 606 τι
570 527 716 622 Riiini
741 551 880 636 natus,
913 508 1101 618 retineo
1124 533 1439 648 tripudiantium
1469 529 1597 632 deus,
1623 532 1702 616 dte.
1813 631 1816 638 ι
1941 591 1964 620 ,.

515 708 685 828 ῥιιιῇθ,
713 701 895 804 Krshna.²
920 702 1035 816 niger
1061 701 1192 796 deus,
1218 700 1357 812 Apollo
1373 702 1536 788 Indicus
1552 729 1573 798 a,
1593 699 1789 824 ¹illelmus
1807 696 2006 834 crinitus,
2057 801 2062 812 Ι

430 869 442 879 “
570 872 769 982 insignem
795 895 958 952 comam·
976 859 1145 980 gerensr
1180 866 1370 954 Gioinda
1404 890 1539 980 pastor
1581 893 1820 960 vacemuma
1845 865 1996 950 Diva-

566 995 824 1106 guinandana
858 991 1048 1107 Divagui
1067 995 1170 1078 deae
1193 992 1332 1080 filium
1361 995 1455 1078 Hoc
1493 1018 1657 1086 numen,
1674 1018 1725 1076 ex
1741 990 1888 1102 ’aliqua
1916 1015 2008 1086 ana·

567 1120 682 1230 logia
719 1119 891 1200 nominis
919 1119 1047 1234 aliqui.
1068 1119 1274 1204 Christum
1299 1143 1382 1204 esre
1412 1115 1595 1204 arbitrati
1615 1139 1740 1213 ιιιιιι,Ι
1766 1113 1838 1230 qui
1865 1139 1889 1196 a
1915 1115 1999 1198 Ma·

527 1267 532 1278 ·
572 1243 750 1324 nichaeis.
768 1243 960 1327 inludia
981 1246 1272 1344 annunciatus,
1306 1265 1347 1328 et
1373 1243 1524 1328 ibidem
1545 1239 1766 1330 fabularum
1797 1235 1999 1320 velamen·

565 1369 618 1450 'tis
647 1389 865 1452 contectus.
880 1369 1034 1452 Krshna
1057 1369 1189 1452 dictus
1224 1366 1372 1454 fuerit.
1402 1369 1557 1480 Papae,
1589 1394 1709 1482 quam
1741 1363 1898 1448 bonum
1919 1359 1999 1446 hoc

525 1509 530 1526 ⁴
562 1491 741 1574 'odorem
769 1494 896 1577 habet·
916 1497 932 1576 l.
957 1494 1251 1592 Amaaarinira,
1285 1495 1357 1607 qui
1385 1519 1469 1576 uno
1493 1489 1582 1576 fere·
1599 1490 1737 1574 seculo
1761 1508 1851 1573 aute
1881 1483 2003 1568 Chri·x

565 1637 670 1698 stunt
696 1633 840 1700 'natum
869 1621 997 1715 vixit,
1029 1617 1213 1702 ursinae
1234 1619 1367 1702 ludici
1396 1619 1467 1702 dei
1488 1641 1636 1700 nomen
1654 1615 1703 1698 in
1731 1638 1807 1696 suo
1844 1609 2003 1692 Bittio·-

522 1757 531 1792 ³
571 1742 689 1823 nario·
712 1749 818 1824 euml¹
834 1769 930 1827 mox
965 1742 1082 1824 dictis
1109 1740 1315 1826 attributis
1341 1745 1453 1824 inter·
1475 1741 1638 1824 nomina
1675 1738 1746 1823 dei
1776 1734 1916 1816 Visbno
1943 1727 1997 1816 af·

507 1967 511 1974 ι
569 1857 675 1948 fer't..
703 1867 947 1980 Quomodo·¹
961 1891 1067 1980 ergo
1090 1865 1272 1950 Christus
1303 1866 1463 1948 ursina
1483 1892 1592 1964 esse,
1627 1885 1696 1947 aut
1722 1861 1809 1944 dici:
1833 1879 1999 1969 potest,
2125 1975 2130 1980 ι

523 2005 530 2042 ²
568 1991 640 2102 qui
668 1992 953 2074 Amatorinir'ae
972 2017 1073 2074 aevo
1097 1992 1286 2074 nondum
1310 1985 1604 2073 ιιιιιιιῐιιιιιιτ9
1624 1981 1836 2084 Proferam
1849 1983 1894 2064 hi
1906 1985 1998 2064 Do

475 2105 484 2124 ⁵
563 2135 698 2196 utores
718 2115 931 2206 miracula
964 2114 1222 2225 prophetias,
1251 2114 1484 2228 evangelia,
1518 2111 1809 2196 libroslndicis
1845 2105 1999 2217 linguis

487 2233 492 2242 '
564 2239 838 2347 conscriptos,
855 2265 951 2351 qur
917 2240 1140 2321 Krrdnam
1160 2237 1362 2322 Christum
1390 2240 1641 2320 Servatorem
1670 2263 1751 2318 esse
1775 2227 1996 2316 affirment..

564 2359 649 2442 Ubi
682 2370 840 2444 natus'l
862 2363 934 2444 ubi
961 2364 1154 2446 educatus
1181 2371 1243 2446 est'
1264 2363 1463 2445 ursinae
1493 2363 1676 2476 Quinam
1704 2361 1795 2464 ej'us
1819 2359 1991 2466 discipu·

563 2483 629 2567 tia
652 2486 815 2598 quinam
843 2511 940 2569 sunr
962 2489 1047 2593 ej'us
1082 2485 1369 2569 miraculorum
1396 2507 1512 2578 testes
1533 2495 1557 2570 9
1579 2487 1678 2569 Non
1709 2507 1834 2596 vagas
1852 2501 1901 2562 et:
1924 2507 1991 2591 pu·-

561 2607 662 2690 tidas
693 2609 809 2723 vulgi
832 2607 1011 2710 fabulas,
1045 2638 1192 2725 easque
1220 2634 1436 2708 recentes,
1464 2636 1547 2694 non
1576 2605 1837 2724 amphiboliae
1859 2599 1989 2689 hiras.-

516 2733 520 2740 ’
562 2727 722 2830 serant,
747 2734 818 2817 sed
851 2759 1084 2846 argumenta
1113 2739 1214 2818 certi
1250 2735 1398 2818 valoris
1425 2736 1617 2820 .-Idiotas
1649 2735 1804 2848 aliquos
1832 2731 1994 2840 Indos,

561 2877 607 2938 et·
624 2881 746 2955 suae,
780 2879 820 2939 et
836 2858 1087 2944 Christianae
1100 2859 1307 2974 religionis
1335 2861 1540 2970 imperitos
1558 2917 1571 2958 ‚
1588 2859 1759 2954 subinde
1788 2855 1989 2939 ursinam.

560 3005 636 3096 pro
660 2981 853 3082 cirino,
881 3007 924 3064 er
950 2987 1043 3068 vice·
1071 3011 1189 3070 versa
1219 2985 1397 3094 accipere
1436 2985 1620 3096 potuisse
1654 3009 1742 3066 non
1776 3003 1916 3092 nego2
1946 2997 1985 3060 at

557 3105 766 3187 hominem
792 3109 1051 3216 Europaeum
1084 3110 1165 3194 hoc
1196 3109 1381 3204 arbitrari
1406 3135 1532 3222 posse:
1556 3107 1678 3194 ualde:
1703 3108 1865 3192 miror.
1892 3103 1984 3186 Μο-

561 3255 657 3312 nere
685 3227 760 3311 hoc
791 3237 972 3341 oportuit
1007 3235 1309 3332 Missionarios,
1344 3259 1519 3347 quorum
1556 3233 1777 3316 commodo
1806 3227 1869 3311 hic
1903 3251 1982 3309 no-

557 3373 635 3435 ster
671 3351 786 3433 labor
827 3355 1043 3454 desudat
1084 3385 1132 3440 ne
1161 3359 1275 3442 vanis
1309 3359 1509 3442 Indorum
1546 3353 1697 3441 fabellis
1736 3357 1982 3462 seducantur

473 3535 478 3542 -
525 3496 598 3556 ‘et
639 3495 806 3573 errent,
807 3503 933 3564 nam
972 3501 1013 3560 et
1058 3480 1153 3562 mihi
1196 3481 1389 3564 uranu-m
1432 3481 1604 3596 quidam
1629 3481 1799 3564 suamne
1828 3474 1989 3574 voluit,

489 3629 514 3712 ᾗ
554 3597 748 3680 ursinam
774 3625 890 3683 suum
926 3627 1010 3686 esse
1040 3627 1224 3688 nostrum
1248 3604 1486 3704 Christum
1510 3607 1694 3718 adeoque
1716 3601 1986 3687 Christianam

554 3719 829 3832 religionem
818 3754 857 3808 m
892 3729 1110 3842 praecipuo
1148 3730 1435 3844 mysteriorum
1473 3733 1601 3842 capite
1629 3785 1644 3827 ,
1677 3728 1792 3842 quod
1835 3722 1988 3806 Christi

552 3845 762 3928 Domini
751 3855 974 3934 rncarnatio
998 3877 1084 3950 est,
1118 3879 1384 3948 conventre,
1417 3882 1462 3939 ac
1504 3853 1679 3965 proinde
1724 3850 1801 3934 sibi
1832 3845 1986 3960 ample·

441 3977 444 3984 ’
552 3971 738 4089 utendam
771 3971 880 4086 haud
903 4003 1009 4074 esse,
1041 3979 1113 4061 sed
1135 4005 1249 4061 suam
1270 3977 1347 4058 sibi
1378 3974 1583 4062 sufficere.
1615 3977 1791 4064 Krshnae
1820 3973 1892 4056 dei
1913 3999 1999 4082 ap·-

552 4097 695 4207 paritio
726 4097 771 4177 in
797 4099 875 4181 boc
911 4105 1099 4201 mundo,
1133 4124 1346 4212 tantopere
1363 4101 1415 4184 ab
1444 4101 1551 4186 Indis
1569 4103 1775 4186 decantata
1796 4155 1815 4198 „
1840 4117 1981 4208 estpu·

551 4245 593 4300 ra
620 4219 798 4332 mythice
817 4223 1010 4322 moueris,
1043 4251 1277 4338 graecorum
1311 4228 1486 4313 deorum
1509 4223 1767 4331 Throphonii:
1807 4221 1944 4304 similis
1961 4279 1982 4319 ,

549 4341 700 4424 Christi
723 4364 854 4427 autem
889 4348 1094 4430 DomIni
1083 4349 1312 4432 incarnatio
1332 4365 1428 4436 vera
1452 4371 1512 4434 est
1529 4350 1703 4438 Divinae
1727 4373 1818 4432 cum
1842 4345 1979 4452 humer

552 4489 602 4546 na
632 4487 772 4551 natura
794 4473 921 4568 unio,
954 4473 1206 4590 prophetiis,
1222 4473 1419 4556 miraculis
1431 4475 1654 4581 testibus,
1688 4493 1825 4555 morte
1848 4493 1890 4570 et
1920 4495 1977 4551 re·

545 4593 821 4800 surrectione&
854 4598 1093 4713 Martyrum
1103 4597 1411 4702 certaminibus,
1442 4597 1667 4684 admirabili
1693 4593 1786 4706 fidei
1820 4617 1974 4708 propa

547 4735 713 4826 gatrone
733 4744 782 4800 su
814 4717 927 4806 ulta

487 4855 872 4970 nordmannia
909 4884 1190 5031 Cirtigueya3
1220 4885 1973 5034 acartiraPleyadesPlryadirurnun·

544 5025 742 5166 cupatur,
774 5053 842 5140 has
875 5060 981 5150 enlm
1021 5037 1161 5145 stellas
1187 5053 1358 5144 Parnasi
1392 5055 1461 5188 seu
1503 5059 1630 5147 Luna
1652 5059 1814 5146 lasciuo·
1824 5069 1969 5142 amore
2104 5061 2108 5071 '
