4544 6276
1707 485 1805 622 '197

356 627 617 752 lendhyrldi,
649 633 922 750 pratisargga,
955 626 1372 720 vamslratsclraritam·.'

283 753 517 859 Sententia,
549 756 714 874 shlriga.
749 761 919 860 Versus,
954 760 1096 844 idem.

279 882 492 998 Origines,
525 912 597 970 seu
624 885 788 971 historia
815 887 1023 998 originum
1059 881 1331 982 familiarum,
1364 881 1632 990 orabandha,
1665 886 1797 1004 calpa·

343 1007 419 1108 ui,
455 1005 735 1122 ulpidicathi,
768 1009 1006 1109 sambhaua,
1041 1037 1247 1122 pranara.

275 1128 502 1248 Theologia
529 1136 719 1235 moralis,
752 1135 870 1219 smrti
884 1195 898 1236 ,
929 1137 1283 1232 dlermasantira,
1322 1162 1360 1218 2.
1384 1165 1424 1250 g.
1443 1134 1497 1236 fi,
1531 1131 1795 1224 minanam.

338 1261 502 1345 Dicitur
531 1261 647 1345 etiam
676 1263 953 1361 Manusmrti,
990 1266 1055 1347 vel
1085 1257 1468 1365 Manavasldsrra,
1502 1266 1545 1351 id
1579 1285 1662 1366 est,
1697 1263 1793 1348 Ma·

339 1375 418 1484 aa,
450 1388 570 1496 primi
596 1389 795 1472 Indorum
826 1391 1038 1504 regis,qui
1065 1411 1203 1473 noster
1229 1388 1346 1472 Nonii
1367 1413 1451 1489 est,
1473 1415 1686 1506 praecepta
1707 1417 1792 1476 mo·

339 1509 458 1608 ralia,
492 1513 555 1595 vel
579 1517 745 1600 scientia
771 1515 958 1611 moralis,
990 1543 1112 1628 quam
1139 1515 1230 1600 Indi
1255 1543 1295 1598 se
1325 1541 1348 1598 a
1378 1508 1511 1600 Manu
1542 1545 1617 1603 suo
1656 1517 1793 1630 primo

337 1659 433 1747 rege
462 1641 656 1749 accepisse
688 1641 940 1756 gloriantur.
975 1641 1045 1724 Est
1072 1665 1208 1725 autem
1237 1641 1357 1723 smrtr'
1387 1643 1643 1741 recordatio,
1678 1671 1789 1754 prae

338 1783 503 1872 ceptum
529 1771 722 1854 memoria
737 1766 1253 1864 retinendum,asmaraaa
1287 1773 1514 1870 memoria,
1545 1765 1790 1886 smdrtaqui

340 1889 548 1989 meminit,
582 1894 653 2005 qui
676 1895 929 1982 considerat.
966 1891 1170 2008 Quartum
1190 1895 1445 1977 Manasmrti
1479 1895 1531 1981 ad
1559 1893 1712 1978 literam
1742 1895 1790 1978 si·

339 2009 503 2124 gnificat
527 2023 822 2122 Memoranda,
857 2022 920 2105 vel
947 2018 1237 2104 Memorabilia
1271 2022 1441 2135 (regis)
1463 2027 1599 2105 Manu
1624 2015 1791 2103 .Maiaa

342 2137 542 2242 adjective
571 2171 777 2262 sumptum
820 2171 880 2230 est
921 2149 1026 2262 regis
1048 2141 1212 2246 Mara,
1244 2145 1351 2228 vadi
1380 2143 1512 2244 dicta,
1546 2146 1609 2229 vel
1632 2143 1790 2227 slrdsrra

340 2265 532 2364 scientiar
566 2274 676 2356 unde
705 2271 751 2354 lit
781 2270 1023 2356 Manava‘de·
1042 2276 1171 2356 Manu
1204 2271 1367 2383 (regis)
1399 2272 1531 2367 dicta,
1554 2271 1621 2351 vel
1641 2265 1787 2354 alana·

290 2427 295 2433 ·
338 2389 589 2490 variastra,
626 2399 753 2479 Manu
795 2399 960 2510 (regis)
995 2399 1163 2480 scientia
1195 2391 1396 2477 vellibat
1424 2427 1438 2492 3
1471 2391 1635 2477 Sldstra
1677 2395 1786 2476 enim

338 2514 568 2617 scientiam,
602 2543 643 2604 et
668 2521 841 2622 libram,
874 2548 945 2604 seu
974 2523 1159 2607 codicem
1190 2517 1410 2638 significat.

275 2634 447 2739 Dictio,
481 2646 677 2746 verbum,
711 2644 1221 2747 vocabulumbhashitan
1242 2705 1257 2747 ,
1276 2644 1560 2751 vatschanam,
1593 2643 1787 2762 lepitana,

340 2774 872 2876 agnum,mmm.

274 2885 547 3000 significatio,
583 2897 758 2997 arrham,
794 2895 1024 2999 vitschaca,
1059 2892 1384 2982 arthabodltaca.

273 3009 395 3114 Vox,
429 3038 584 3118 tonus,
616 3023 797 3125 shabda,
828 3051 970 3128 svara,
1004 3021 1179 3125 uiuida,
1211 3023 1520 3128 dhvani,rava,
1550 3021 1789 3127 autumni·

337 3141 414 3240 da,
450 3148 646 3249 nisvana,
677 3177 717 3235 o.
737 3176 777 3266 g.
797 3179 852 3234 m.

274 3265 435 3384 Stylus,
468 3274 542 3358 ie.
576 3277 724 3360 modus
755 3299 795 3362 et
827 3299 991 3364 ornatus
1019 3281 1062 3362 in
1086 3275 1327 3376 scribendo,
1357 3275 1566 3375 elocutio,
1594 3271 1787 3360 vitrola·

336 3419 410 3474 ca·
444 3399 584 3484 Forma
613 3400 863 3506 verborum,
897 3426 938 3490 et
956 3406 1177 3500 dictionis,
1209 3401 1386 3488 edictum
1410 3401 1623 3518 publicum
1645 3425 1785 3514 ,prae-

340 3543 539 3631 ceptum,
570 3553 716 3638 prosa,
751 3529 886 3634 idem,
918 3531 983 3615 vel
1006 3530 1174 3614 valacia
1194 3527 1446 3611 blashitam.

273 3643 492 3762 synopsis,
526 3654 849 3765 compendium,
882 3652 1142 3771 sanlrshipam
1167 3681 1296 3768 μ,
1328 3653 1517 3740 samihrti
1548 3643 1668 3772 gjfi,
1697 3676 1790 3738 san·

340 3774 488 3882 grelra,
519 3807 560 3892 g.
581 3806 634 3861 m.
658 3777 864 3898 samisyir,
898 3779 1139 3868 samasartlni
1172 3809 1212 3862 2.
1236 3809 1275 3894 g.
1312 3777 1408 3864 fem.

276 3895 472 3999 Nomen,
507 3901 690 4022 ahvaya,
726 3933 766 4021 g.
793 3933 882 4009 m,
915 3895 1051 4019 ahira,
1080 3905 1229 4023 acchya
1260 3933 1301 4020 g.
1330 3900 1382 4008 l,
1418 3899 1605 4006 nimam,
1640 3896 1783 3990 nima·

337 4021 535 4142 rlheyarn,
573 4057 730 4144 2.g.n.
763 4029 766 4036 ’
1138 4141 1143 4144 -

273 4147 496 4264 Quaestio,
527 4155 721 4267 prashna,
756 4154 976 4272 anuyriga,
1016 4185 1055 4240 π.
1073 4181 1114 4272 g.
1133 4182 1213 4257 m,
1247 4150 1409 4268 prtschia
1437 4146 1521 4272 gl.

271 4275 560 4386 Responsum,
593 4282 900 4399 prarivalryam,
929 4305 1129 4386 uttaram,
1163 4281 1411 4396 parihitam,
1442 4305 1594 4399 3.g.u.

271 4399 450 4512 Regula,
484 4431 775 4521 praeceptum,
808 4410 998 4526 niyama,
1033 4411 1253 4528 niyogam.

271 4523 435 4630 Verba,
466 4557 627 4634 rumor,
661 4529 842 4620 famaue
868 4535 1104 4652 aliquare,
1135 4537 1294 4622 novitas
1314 4533 1513 4649 publica,
1543 4527 1782 4644 djeuashru·

333 4653 393 4754 ti,
427 4656 674 4743 kimnadanti
684 4715 698 4757 ,
731 4657 964 4774 logmarta.

271 4777 429 4880 Gesta,
447 4783 648 4884 artiones,
669 4781 781 4871 vitta
796 4843 808 4884 ,
823 4789 992 4900 pravarti
1008 4846 1021 4889 ,
1037 4783 1267 4888 vrtintam,
1289 4782 1481 4874 udintam
1494 4843 1507 4886 ,
1521 4782 1780 4871 tscharitram.

268 4902 499 5020 Dialogus,
531 4909 812 5026 colloquium,
846 4909 1015 5027 sullipa,
1050 4910 1439 5012 bhashanammitha,
1465 4909 1779 5025 anonyamucti.

267 5023 408 5114 Verba
421 5049 546 5120 vacua
560 5094 575 5135 ,
591 5037 689 5118 nihil
702 5034 977 5150 significantia,
998 5042 1264 5143 anacthacam,
1283 5039 1508 5128 abendlrarn
1523 5091 1537 5138 ,
1554 5031 1782 5120 nirartlram.

266 5151 611 5284 Multiloquium,
645 5157 827 5266 annua,
862 5189 975 5282 pm.
