4544 6276
347 613 517 698 surda
505 645 547 702 ιιι
584 609 809 700 Zendicum
845 665 859 710 ,
900 625 971 696 seu
1010 625 1124 702 veturs
1160 609 1364 694 Persarum
1401 609 1552 706 idioma
1587 493 1800 722 uansilrll

323 715 746 856 quemadmodum
735 765 778 825 ιιι
807 735 909 822 illud
939 737 1266 852 transmigravere
1289 735 1364 822 alia
1388 736 1545 828 infinita
1570 743 1791 848 uocabulat

289 861 402 952 ita
434 891 480 953 ut
511 867 748 976 juremeriro
778 863 981 966 conjicere
996 861 1175 962 debeas,
1207 862 1361 948 idioma
1392 865 1612 954 Zendicuru
1643 895 1795 959 sermo·

347 995 407 1076 nis
435 990 739 1080 Samscrdumici
759 991 961 1106 egregiam
972 1013 1138 1124 partem
1162 1015 1273 1087 esse,
1301 1009 1421 1104 arque
1449 1019 1500 1076 ex
1528 993 1609 1080 lsoc
1628 997 1795 1084 descen
1843 1095 1846 1104 Δ

344 1119 479 1216 disse,
507 1119 658 1205 radices
681 1117 793 1200 enim
826 1117 1040 1198 nominum
1071 1137 1113 1198 et
1142 1115 1364 1203 uerborum
1401 1120 1598 1206 Ztudicae
1625 1122 1794 1238 linguae
1906 1235 1909 1244 k
1966 1175 1974 1194 ,

341 1244 385 1326 in
415 1242 733 1332 samsrruamicis
753 1241 1024 1340 delitescunt,
1040 1265 1084 1326 et
1105 1267 1156 1326 ex
1175 1241 1234 1326 his
1259 1237 1376 1328 facile
1401 1246 1687 1358 explicantur.
1724 1248 1793 1334 Vi·

341 1371 443 1456 desis
477 1399 602 1456 meam
631 1363 951 1454 dissertationem
981 1369 1037 1454 de
1063 1369 1230 1482 linguae
1260 1369 1456 1454 Zeudicee
1483 1396 1525 1458 et
1556 1375 1788 1460 &tuscania

343 1495 469 1580 micae
494 1497 734 1612 antiquitate
758 1517 800 1577 et
828 1489 1042 1590 affinitate,
1075 1518 1116 1580 et
1145 1495 1198 1580 A
1208 1495 1248 1586 J
1275 1495 1464 1610 Spluestri
1492 1501 1544 1590 de
1577 1501 1683 1618 Sacy
1702 1495 1790 1584 Me'

339 1621 481 1704 moires
508 1650 576 1704 sur
608 1619 798 1704 Diuersus
828 1616 1126 1734 antiquando
1156 1619 1200 1704 la
1217 1627 1356 1719 Perse,
1376 1625 1533 1710 sl'atis
1572 1649 1704 1732 1793.
1726 1627 1788 1712 Est

335 1747 452 1832 lndia
481 1741 696 1832 Perseum
724 1746 891 1859 patriam
918 1771 1030 1832 suam
1059 1746 1296 1832 transtulere
1326 1743 1698 1864 Tscisaruraagam
1715 1778 1787 1838 seu

336 1872 470 1958 lusum
503 1874 855 1970 latrunculorum,
883 1873 1035 1960 librum
1065 1872 1222 1958 Goiaila
1252 1895 1293 1956 er
1323 1873 1475 1958 Dimua
1506 1877 1587 1962 sub
1618 1877 1788 1962 Persidis

338 2020 434 2114 tege
461 2001 771 2099 Anuscbiruau,
804 2027 850 2083 ac
886 1999 1065 2114 denique
1092 2001 1314 2085 tincturam
1346 1998 1476 2084 Hiudr'
1505 2003 1682 2100 dictant,
1712 1995 1787 2116 per

123 2122 151 2250 ‚⁸
340 2151 462 2240 quam
495 2128 589 2242 equi
608 2126 753 2211 albiin
785 2127 922 2240 nigros
942 2147 1265 2212 converruntur.
1300 2125 1404 2210 Vide
1423 2125 1483 2220 ibi
1504 2149 1602 2240 pag.
1622 2139 1727 2236 376.

277 2247 377 2365 Regi
403 2277 425 2336 a
455 2254 662 2351 consiliis,
695 2255 862 2349 mentri,
897 2248 1142 2351 mantridhi,
1174 2251 1411 2353 teuchira„
1428 2255 1661 2370 ammitya.

275 2375 396 2490 Regis
419 2401 579 2476 custos,
608 2376 784 2490 guardia
809 2375 855 2460 ai
879 2399 1021 2484 corpu,
1057 2377 1362 2488 raluhivargga,
1398 2373 1629 2464 anicastha.

276 2501 398 2618 Regis
423 2503 577 2646 primus
610 2501 867 2598 administer,
897 2497 1126 2618 ammltya,
1154 2497 1592 2601 mahimitra,sacivs,
1616 2502 1787 2624 pradhir

341 2631 463 2728 nani,
493 2627 782 2714 sarvarakstn.
815 2627 925 2712 lllud
959 2627 1132 2772 primurn
1175 2621 1378 2738 ammuirya
1407 2619 1584 2714 Carolus
1614 2630 1789 2716 Wilkins

344 2754 387 2836 in
420 2751 803 2866 interpretatione
792 2754 1064 2880 inscriptionis
1108 2751 1406 2862 Mouguireasis
1450 2757 1546 2838 anni
1593 2783 1663 2862 23.
1698 2778 1792 2848 ante

245 2948 249 2956 .
316 2875 494 2962 Christ.
528 2903 690 2974 natum,
724 2875 861 2990 inepte
887 2854 1029 2962 scribit
1058 2883 1277 2994 Omaaryu.
1312 2877 1377 2962 Sic
1398 2876 1459 2962 ibi
1484 2901 1529 2964 et
1559 2881 1636 2968 alia
1666 2885 1793 2996 tegio·

274 3053 278 3062 -
344 3028 433 3088 tum
466 2998 696 3090 officialium
737 3003 939 3090 vocabula
967 3006 1116 3088 mitum
1160 3005 1204 3086 in
1242 3005 1409 3090 modurn
1401 3008 1658 3129 Ι,ιειιιιιιρῑῃ
1687 3034 1792 3124 ung

345 3125 561 3244 Municipii
591 3123 840 3232 Praefectus,
874 3128 1111 3247 kottapala,
1139 3113 1428 3244 durggapitll,
1431 3131 1625 3214 rustitius
1651 3131 1791 3218 scribit
1830 3123 1835 3132 ’

341 3256 674 3366 ΚοιΙιιιριιιιΙο,
659 3261 741 3344 ἃς.

261 3379 483 3494 ¹legatus,
516 3385 688 3484 nuncius
716 3439 729 3484 ,
762 3379 896 3481 dista,
928 3378 1250 3477 sandeshabata,
1283 3405 1588 3496 gamagamaca,
1622 3382 1792 3467 Wilkins

341 3510 537 3592 enunciat
561 3508 942 3621 gomaafgomeeiu.
978 3506 1153 3592 Sublatis
1188 3507 1270 3590 istis
1289 3507 1612 3624 'orthographiae
1649 3511 1793 3594 errori·

345 3631 424 3718 bus
453 3637 661 3719 euidenter
694 3635 887 3718 illucescit
915 3634 980 3718 illa
1012 3635 1181 3716 veritas:
1214 3658 1393 3744 nempe,
1424 3639 1540 3750 quod
1574 3663 1683 3722 anno
1721 3665 1791 3745 23.

345 3779 437 3842 ante
467 3760 567 3846 Chr.
601 3785 680 3844 nat.
709 3761 851 3874 lingua
869 3758 1175 3846 samsctdamica
1197 3759 1372 3869 viguerit
1395 3761 1437 3844 in
1457 3761 1598 3864 India,
1616 3785 1657 3848 et
1675 3761 1795 3877 quod

342 3886 485 3988 eadem
517 3887 558 3968 in
594 3889 707 3970 variis
735 3885 972 4000 regionibus
994 3879 1207 3968 uniformis
1235 3906 1356 3994 arque
1385 3885 1618 3998 incorrupta
1650 3885 1794 3990 suerit,

344 4010 481 4094 saltem
511 4013 555 4094 in
578 4011 690 4094 libris
715 4034 756 4094 ct
784 4010 958 4122 publicis
990 4007 1264 4096 monumentis
1279 4007 1515 4120 exarandiss
1538 4039 1626 4096 narn
1651 4014 1791 4098 eadem

349 4136 548 4222 vocabula
574 4136 911 4234 samscrdamica,
940 4161 1044 4249 quae
1074 4135 1115 4214 in
1140 4131 1400 4242 inscriptione
1429 4137 1708 4250 Mnuguirensi
1742 4133 1793 4222 af·
1916 4219 1924 4237 ,
2045 4245 2049 4252 .

254 4344 259 4368 ,
346 4255 561 4364 feruntur,
595 4259 702 4346 caste
733 4282 915 4345 recenset
946 4255 1237 4355 Amarasinira,
1266 4255 1448 4364 ejusdem
1479 4262 1602 4348 seculi
1629 4263 1793 4348 Indicus

348 4392 549 4500 scriptor.
581 4385 688 4474 Vide
724 4389 765 4469 in
798 4412 849 4471 eo
880 4384 1253 4494 Ksierriavargga,
1288 4397 1356 4470 s'eu
1394 4387 1547 4472 classim
1580 4391 1792 4474 numinum

347 4517 399 4600 ad
429 4515 577 4629 regiam
607 4512 756 4596 tribum
783 4509 969 4598 Ksiretria
996 4510 1295 4624 spectantium.
1784 4581 1788 4588 .

184 4673 186 4678 ·
284 4641 432 4758 Regiae
459 4663 598 4752 portae
630 4661 791 4740 custos,
821 4633 1139 4750 guardupurtune
1161 4689 1174 4732 ,
1195 4635 1395 4748 pratibus,
1427 4634 1667 4752 duitapala,
1689 4641 1790 4736 rna-⁶
1819 4647 1820 4656 '

347 4767 462 4870 stne,
496 4763 734 4875 dvistlnica,
767 4764 991 4864 darriaco,
1024 4762 1067 4850 id
1099 4783 1189 4867 est,
1222 4763 1455 4936 inspector,
1467 4767 1749 4850 adarsllaua
1739 4795 1793 4848 m·

258 4973 260 4978 ,
349 4895 499 5023 tuitus,
533 4913 747 5004 aspectus,
783 4891 911 4974 visio.

284 4990 409 5134 Regis
433 5017 689 5132 astrologus,
722 5013 969 5133 gibtiszicu,
1001 5009 1221 5123 dibrisza,
1253 5016 1528 5117 samvalsata,
1558 5011 1796 5120 deiuadjna,

348 5168 1137 5262 ganaca.1

1442 5261 1573 5350 Aac
