4544 6276
1705 479 1761 562 ιδ

302 587 600 703 *compleam
632 581 757 674 stiva
782 609 859 670 suo
885 585 1053 692 marito
1074 579 1236 670 absente
1263 635 1277 678 ‚
1310 583 1418 676 hunc
1437 586 1565 674 'deum
1603 497 1786 704 genuisti

359 715 540 800 dicitur.
572 711 653 798 Alii
687 711 859 796 credunt
892 711 1015 796 Ursae
1044 710 1209 792 minoris
1232 706 1437 802 alumnum
1467 741 1575 800 esse.
1597 715 1786 803 Matisa.

360 867 439 940 na,
466 839 670 924 exereitus
691 837 869 920 vcaelestis
889 830 1004 932 duit,
1031 831 1249 946 imperator
1271 892 1288 916 ..
1320 835 1606 950 Slanagianma
1639 842 1790 952 sagitti-

323 973 327 980 '
361 959 421 1048 fer
439 1021 458 1044 ..
492 960 777 1059 surditiam,
809 986 876 1044 sex
907 959 1093 1044 vultuum
1123 959 1246 1056 deut,
1278 959 1431 1064 aSlmd
1448 991 1548 1062 vsert,
1578 985 1620 1046 et
1652 960 1787 1052 anana

319 1089 523 1194 „uultum
554 1087 701 1170 Scantia
720 1085 856 1185 celer,
886 1085 1007 1170 velox
1026 1087 1088 1166 ..in
1132 1083 1288 1170 caelesti
1325 1089 1503 1172 uestitu
1544 1089 1783 1189 lustrando,

354 1239 384 1298 a
411 1214 605 1296 scandata
621 1210 825 1294 celeritas.
857 1213 999 1304 aalma
1041 1235 1190 1322 nempe
1233 1231 1421 1293 ueterum
1464 1215 1713 1314 Persarum,
1748 1237 1788 1302 et

349 1335 628 1453 Scytharum,
661 1361 783 1450 quem
808 1336 1025 1423 Herculem
1059 1337 1231 1422 dixere..
1264 1333 1369 1420 Vide
1393 1343 1564 1453 systema
1600 1339 1789 1424 Baalim·
1904 1407 1926 1421 ..

361 1463 490 1554 nitunt
517 1486 607 1571 pag.
632 1487 732 1562 190.
749 1518 762 1558 ,
779 1485 825 1543 :tt
848 1490 961 1576 seqq.
1933 1489 1938 1500 ’

300 1599 355 1681 Hi
382 1609 482 1668 sunt
507 1586 675 1688 majores
697 1581 894 1672 Indorum
920 1589 1011 1685 Dii,
1039 1611 1220 1701 quotum
1259 1583 1572 1702 mythologicam
1616 1590 1789 1702 descrip-

354 1714 511 1794 tionem
546 1707 634 1790 heic
662 1709 815 1822 tradere
840 1711 1055 1823 oportuit,
1087 1733 1133 1794 ut
1170 1711 1397 1816 Missionarj
1428 1740 1505 1798 eos
1533 1713 1611 1798 riti
1642 1716 1788 1799 distin-

350 1835 509 1950 fguant‘,
543 1855 583 1915 et
603 1831 800 1918 ‚Ethnicos
824 1835 874 1918 ab
899 1862 1048 1920 eorum
1070 1835 1187 1920 cultu
1226 1835 1395 1947 placidis
1433 1841 1675 1950 argu-mentis
1706 1840 1783 1924 de·

355 1962 505 2046 ducere
528 1961 716 2070 possintt
749 1961 963 2072 quomodo
994 1963 1101 2042 enim
1129 1985 1199 2042 eos
1229 1957 1480 2045 idololatriae
1516 1987 1718 2078 arguent,
1750 1963 1785 2048 si

349 2087 428 2198 ipsi
461 2081 783 2200 mythologiam,
812 2083 947 2170 cultus
959 2083 1119 2196 publici
1142 2044 1304 2180 abdita,
1338 2087 1638 2174 nomiuutnseu
1658 2114 1785 2175 sacto·

347 2237 443 2296 ,rum
486 2207 770 2290 attributorum
806 2207 1182 2320 significationem,
1215 2233 1368 2292 errores
1410 2209 1588 2326 denique
1618 2213 1782 2296 Indicae

347 2337 485 2448 gentis
508 2334 737 2444 ignorant?
763 2331 860 2442 Legi
892 2353 1065 2416 meretur
1086 2334 1139 2415 de
1156 2327 1353 2412 Trinitate
1379 2333 1515 2416 Iadica
1544 2335 1781 2420 Dissertatio

353 2457 596 2542 Academica
619 2454 676 2536 ..C
694 2452 888 2566 Geuberg
911 2455 1091 2540 Londini
1107 2452 1347 2538 Gothorum
1362 2455 1474 2539 edita
1498 2483 1610 2540 anno
1635 2484 1777 2563 1797,
1823 2546 1829 2556 ,

353 2607 473 2716 quam
498 2578 589 2663 ideo
614 2569 683 2658 hic
709 2599 1015 2675 commemoro,
1047 2577 1300 2692 quodcirca
1325 2603 1417 2662 eam
1453 2574 1738 2663 trinitatem
1725 2608 1781 2666 tn·

345 2695 461 2790 ⁴sarias
497 2725 538 2785 et
565 2700 849 2784 heterodoxus
845 2703 1067 2814 opiniones
1091 2705 1238 2810 jactate
1256 2727 1342 2816 ego
1358 2729 1445 2814 ipse
1458 2703 1685 2789 audiverim
1711 2705 1782 2790 ali·

302 2849 457 2942 aquos
476 2819 659 2912 eruditos
682 2825 936 2913 ineruditos.

175 3047 180 3058 Ι
226 3006 231 3015 -
279 2951 506 3051 'Ethnicus,
534 2949 735 3046 Gentilis,
766 2947 959 3064 Keirpara
993 2945 1166 3061 tunsam
1187 2951 1383 3062 poesim,
1378 2949 1635 3036 bimbasivi
1650 2888 1784 3040 idolo·

346 3101 441 3159 tum
471 3073 631 3170 cultor,
657 3069 831 3175 adierint*
854 3099 969 3160 verae
989 3073 1207 3187 sapientiae
1236 3101 1405 3185 ·.expers

287 3200 478 3299 Idolum,
506 3201 797 3284 simulacrum
823 3199 968 3282 Bimba
985 3199 1196 3312 ,pradima
1213 3253 1227 3296 ,
1244 3195 1386 3281 diuam
1403 3251 1416 3294 ,
1436 3181 1610 3282 divata.
1640 3200 1779 3316 Vulgi>

351 3325 509 3409 idolum
548 3325 831 3439 quodcunque
870 3323 1024 3406 dicitur
1064 3319 1318 3432 Binagavan,
1351 3345 1391 3404 et
1427 3321 1588 3406 idolum
1633 3321 1781 3410 femina

352 3447 607 3564 Blagavath
642 3445 751 3532 unde
780 3468 1017 3558 corruptum
1046 3445 1148 3529 illud
1172 3443 1234 3538 ¹ab
1267 3448 1490 3557 Europaeis
1517 3449 1686 3557 Pagodis
1709 3451 1781 3536 sed

350 3574 449 3658 haee
482 3575 570 3659 duo
595 3568 792 3658 vocabula
821 3573 982 3681 proprie
1015 3571 1270 3653 conveniunt
1288 3571 1374 3654 deo
1400 3571 1525 3654 Sirion
1539 3594 1584 3654 et
1600 3572 1779 3675 :Visllnu‚

346 3693 580 3808 Blragattati
609 3718 748 3780 autem
776 3696 851 3785 soli
871 3695 1110 3780 attribuitur
1134 3694 1234 3778 deae
1252 3691 1457 3778 alavart.

284 3821 549 3921 idololatria,
580 3816 987 3916 Bimbarldaltanam‚
1016 3816 1282 3902 ιιῐιιιὶιιεὲιι.

264 3943 540 4055 Templum,
572 3942 749 4039 fanum
777 3942 985 4027 Κςιιὲιιιιιι
1004 3999 1022 4041 ,
1041 3938 1264 4040 Vibium,
1294 3934 1572 4056 Devileyam,
1598 3944 1783 4030 Tscheit·

346 4097 467 4186 pam.
494 4073 589 4152 Om.
617 4098 657 4182 g.
688 4093 728 4147 ιι.

226 4237 230 4244 -
290 4169 515 4308 Yagam,
500 4220 544 4276 ιιι
571 4187 771 4306 aliquibus
792 4188 969 4284 dialectis
984 4215 1102 4304 yag,
1129 4211 1273 4299 paga,
1299 4184 1539 4350 sacrificiunt
1569 4189 1647 4274 diis
1678 4193 1780 4278 obla

346 4341 468 4404 ,ιιιιιι
707 4387 711 4395 .

279 4445 456 4542 Roma,
483 4437 762 4526 sacrificium
750 4439 886 4552 ignis.
918 4433 1243 4552 Aghnihbtram,
1277 4435 1417 4520 idem.

274 4567 442 4680 ¹Sdma,
470 4563 709 4650 sacrificium
741 4563 860 4646 lunae
884 4560 1094 4647 oblatum.

289 4689 567 4777 Sacrificium
555 4717 598 4773 ιιι
619 4695 802 4804 I,genete
835 4683 994 4802 pudjtl,
1024 4683 1209 4782 artscha,
1240 4681 1469 4804 namaspi,
1510 4689 1696 4800 aperite,
1728 4714 1780 4772 sa·

352 4843 505 4934 parya,
536 4815 691 4901 altana.
718 4815 871 4897 Omnia
900 4834 993 4896 sunt
1019 4837 1115 4924 gen.
1105 4805 1241 4896 ..fem

291 4941 492 5042 Donum,
525 4939 680 5024 oblatio
707 4937 783 5022 diis
811 4933 955 5034 lacta,
988 4931 1166 5040 dinam,
1199 4931 1455 5034 tintinnum,
1488 4935 1784 5037 utsardjanam,

353 5062 659 5162 uishtinanam,
690 5057 937 5162 uitaranam,
971 5061 1245 5173 spatsltanam,
1278 5087 1363 5146 om.
1393 5086 1488 5172 gen.
1519 5077 1629 5141 neut.
1653 5051 1781 5168 Tiaga

351 5215 442 5308 gen.
472 5203 590 5274 masc·
1268 5259 1272 5266 ,
1344 5186 1381 5266 X
1416 5209 1437 5265 ι
