4612 6268
958 531 1357 646 CAPUT
1445 532 1543 642 ns,
1669 703 1673 710 Ι

520 917 529 938 .
608 875 617 898 .
698 903 701 908 ,
794 789 877 902 De
905 790 1171 905 Nominum
1207 793 1682 937 Decliuutr'our‘buS.

727 1049 893 1134 Nomen
924 1035 1239 1159 Samscrdamice
1260 1072 1429 1138 vocatur
1458 1049 1624 1138 Ninia,

643 1261 644 1264 a
726 1173 959 1262 Declinatio
993 1173 1277 1286 Pridipadica.

729 1301 935 1386 Numerus
966 1304 1135 1388 Variana
1161 1310 1232 1391 s‘eu
1266 1300 1507 1390 Vatsclassa.
1604 1329 1606 1336 ⁴

726 1425 857 1512 Casus
889 1425 1099 1512 Vibltartl.

726 1552 869 1637 Genus
899 1553 1060 1666 Linga.

720 1671 907 1763 Verbum
931 1675 1101 1764 Darda.

722 1804 941 1920 Quidquid
964 1803 1330 1892 estindeclinabile
1355 1807 1504 1895 dicitur
1534 1807 1661 1910 auia.

723 1930 992 2058 constructio
1011 1934 1222 2018 nominum
1242 1955 1284 2019 et
1304 1933 1526 2028 verborum
1538 1957 1705 2020 vocatur
1723 1933 1902 2040 anuaja.
1916 1933 1981 2050 (ἢ
2074 1974 2081 1984 ·

468 2057 841 2272 Samsctdamica
867 2179 1005 2298 lingua
1038 2205 1147 2270 tanta
1179 2184 1305 2271 affluit
1335 2185 1651 2273 decimationum
1676 2187 1818 2298 copia,
1840 2209 1886 2273 ut
1915 2189 1974 2272 si,-

469 2311 563 2426 quis
593 2332 735 2392 omnes
765 2309 807 2393 in
840 2335 967 2410 unum
1004 2311 1197 2396 volumen
1230 2312 1286 2397 ire
1334 2335 1539 2427 cogeret,
1574 2310 1653 2395 hoc
1698 2313 1857 2398 Lectori
1900 2315 1980 2427 ipsi

466 2431 713 2550 perarduum
751 2455 793 2518 et
824 2439 1101 2549 gravissimum
1148 2462 1253 2522 onus
1299 2440 1538 2524 accideret.
1572 2438 1802 2548 Praecipuas
1839 2439 1982 2554 itaque

466 2559 757 2646 declinationes
789 2560 966 2661 tradam,
1000 2561 1050 2646 ad
1075 2589 1246 2678 quarum
1277 2561 1416 2648 lumen
1437 2585 1478 2648 tt
1499 2587 1679 2648 normam
1700 2561 1873 2681 reliquas
1893 2565 1977 2648 exi·

466 2711 563 2801 gere
588 2705 628 2766 tt
655 2686 963 2770 accommodare
994 2686 1101 2771 haud
1133 2689 1209 2771 erit
1237 2683 1427 2774 difficile.
1461 2689 1780 2800 Distinguuntur
1816 2688 1905 2773 illae
1924 2689 1971 2774 in

466 2808 759 2896 declinationes
783 2809 1008 2922 Agiandam
1044 2833 1085 2894 et
1124 2811 1391 2895 Halandam:
1425 2814 1529 2895 sicut
1557 2814 1664 2923 ipsae
1694 2814 1974 2898 Samscrdatni-

464 2962 537 3022 cae
564 2935 701 3020 literae
719 2961 915 3051 ‚quarum
946 2959 1126 3021 naturam
1154 2959 1409 3052 sequuntur,
1442 2963 1535 3020 cunt
1570 2958 1610 3020 et
1634 2937 1722 3020 illae
1756 2940 1800 3022 in
1836 2937 1970 3022 decli-

466 3063 648 3147 nationes
679 3063 893 3148 nominum
920 3063 962 3146 in
997 3081 1117 3148 unam
1149 3064 1349 3148 vocalium
1376 3062 1676 3162 desinentium,
1711 3081 1751 3148 et
1773 3065 1815 3146 in
1840 3063 1970 3150 decli·

463 3187 648 3274 nationes
679 3191 892 3274 nominum
916 3181 957 3272 in
982 3191 1286 3276 ‘consonantem
1314 3191 1550 3277 exeuntium
1587 3190 1853 3277 dividantur.
1886 3193 1974 3275 Tor

460 3335 597 3404 autern
632 3304 713 3399 lere
746 3340 842 3399 sont
869 3313 1158 3399 declinationes
1187 3317 1229 3402 in
1254 3342 1402 3428 genere
1435 3297 1691 3411 Masculino,
1723 3316 1966 3414 Feminino,

461 3463 503 3526 et
530 3442 692 3524 Neutro
716 3441 972 3552 gradientes,
1006 3460 1110 3551 quot
1140 3461 1235 3522 sunt
1265 3439 1424 3522 vocales
1454 3461 1496 3522 et
1526 3461 1795 3522 consonantes
1830 3439 1971 3524 literae

459 3567 503 3650 in
532 3561 763 3676 Alphabeto
788 3564 1132 3661 Samscrdamico,
1166 3565 1346 3676 exceptis
1370 3564 1506 3675 paucis
1526 3563 1890 3665 consonantibus,
1923 3567 1967 3650 in

458 3714 560 3807 quas
590 3687 748 3774 ‘trullum
779 3694 950 3778 omnino
988 3689 1133 3774 desinit
1162 3716 1312 3774 nomen
1350 3689 1739 3774 Samscrdamicum.
1774 3693 1860 3774 Hae
1885 3692 1967 3775 ita·

458 3839 541 3932 que
566 3815 734 3914 literae,
766 3817 808 3900 in
839 3843 938 3932 quas
971 3815 1127 3901 nullum
1173 3818 1254 3900 exit
1298 3841 1481 3915 nomen,
1513 3814 1767 3924 Aprasidla,
1801 3817 1968 3916 idest,

457 3958 686 4028 mutasset
711 3941 924 4042 ,occultat,
958 3941 1046 4026 illae
1072 3967 1200 4042 vern,
1233 3967 1336 4058 quae
1370 3942 1534 4026 nomina
1567 3943 1796 4028 sortiuntur
1828 3943 1870 4024 in
1917 3969 1961 4027 se

457 4068 711 4168 desinentia,
741 4069 956 4168 Ptasidla,
984 4067 1063 4152 hoc
1094 4091 1178 4166 est,
1212 4065 1470 4175 manifestae,
1505 4089 1544 4150 et
1562 4086 1720 4173 apertae
1737 4065 1964 4154 dicuntur.

395 4273 403 4292 ,
583 4195 679 4280 Risu
706 4215 748 4276 et
772 4194 980 4279 cachinnis
1012 4193 1237 4305 excipiendi
1266 4216 1401 4292 sunt,
1434 4196 1506 4308 qui
1538 4191 1840 4280 Samscrdamici
1881 4223 1963 4278 ser·

453 4323 587 4412 monis
613 4341 664 4406 tte
699 4318 885 4407 umbram
920 4321 1089 4434 quidem
1131 4319 1322 4434 viderunt
1349 4375 1367 4422 ,
1397 4339 1438 4402 et
1477 4343 1499 4404 a
1551 4317 1673 4406 nobis.
1715 4317 1959 4432 completam

447 4444 754 4563 ,perfectamque
779 4446 1075 4562 grammaticam
1106 4443 1457 4528 Samscrdamicam
1487 4441 1716 4555 postulant,
1739 4464 1801 4525 tot
1835 4451 1963 4530 nomi·

181 4643 187 4654 .
272 4565 275 4570 ’
406 4571 599 4673 nibus,
634 4594 697 4656 tot
715 4569 1086 4671 declinationibus,
1119 4569 1504 4683 conjugationibus,
1537 4567 1764 4665 adverbiis,
1798 4589 1859 4652 tot
1883 4598 1962 4656 am·

452 4699 658 4816 bagibus,
691 4720 755 4781 rot
785 4698 961 4810 regulis,
996 4721 1037 4779 et
1070 4693 1473 4807 artificiisgr'avidam
1500 4714 1540 4776 et
1564 4691 1774 4790 refertam,
1809 4717 1854 4780 ut
1879 4697 1963 4809 ipsa

449 4825 534 4918 lete
564 4824 649 4920 sola
672 4851 766 4908 cum
787 4849 860 4908 sua
898 4823 1064 4940 syntaxi
1101 4817 1526 4927 decennalestudium
1556 4843 1578 4900 a
1610 4817 1866 4912 solertissimo
1892 4824 1956 4906 vi.

550 5021 613 5126 ζ’)
665 4985 735 5094 Ᾱῐε
761 5035 858 5095 tecte
887 5020 1149 5119 pronuntiandi
1172 5019 1307 5096 dieitur
1327 5006 1640 5098 uberantiora.
1663 5019 1731 5092 Am
1758 5035 1857 5094 recte
1872 5015 1960 5097 scri·

405 5202 410 5216 .
447 5127 581 5222 bend,
606 5147 670 5206 stu
696 5123 935 5233 ortographia
959 5143 1113 5207 vocatur
1137 5121 1478 5216 Akslurasltikslt,
1504 5126 1562 5204 vel
1584 5117 1831 5226 Lipislrilrlva,
