4544 6276
1675 500 1755 578 161
1825 550 1828 560 ‹

267 633 595 770 fflpfflm
616 603 808 757 Vintiy'ar‘r
839 661 1008 758 magnus
1033 639 1247 744 dominus,
1274 611 1451 760 ‘maguus
1471 667 1573 742 terr,
1606 679 1755 742 nomeu

221 849 226 860 ·
326 841 389 903 est
412 816 480 900 uer
499 789 839 908 'orniasrm‘eeu
877 807 972 891 rant
1001 811 1203 910 romani,
1238 813 1290 898 ao
1323 815 1432 900 muts
1465 813 1780 906 eoronanne--·

326 933 660 1050 {ensibus'vulgd
688 932 849 1043 erimar
871 932 976 1016 dicti
995 988 1006 1012 .
1041 937 1263 1022 Ganrabart
1285 939 1349 1022 vei
1371 939 1580 1038 Gauislia,
1615 971 1755 1031 nume·

329 1089 471 1150 rorunr
509 1053 644 1156 deus,
674 1057 769 1140 item
812 1081 1015 1142 coetuurut
1055 1083 1094 1144 er
1123 1064 1483 1178 congregationem
1532 1066 1755 1173 dominus,
1855 1125 1858 1130 ·

324 1214 354 1272 a
372 1195 511 1271 Genua
539 1206 755 1278 uumerus,
770 1181 834 1304 vel
852 1180 1065 1266 hominurn
1083 1189 1346 1302 congregatio
1365 1240 1379 1282 ,
1397 1187 1559 1300 ¹quibus
1575 1191 1638 1274 hic
1657 1196 1757 1280 deus

331 1311 552 1426 praesidet,
584 1307 810 1417 praesertim
844 1308 875 1388 si
905 1309 1049 1392 doctae
1084 1323 1178 1392 su'nt
1214 1336 1282 1396 aut
1323 1312 1598 1398 domesticae:
1631 1346 1754 1431 quare

330 1437 546 1520 domorum
574 1454 710 1516 custos
732 1452 774 1510 er
794 1429 1019 1514 scholarum
1049 1434 1241 1544 Magister
1276 1461 1357 1518 esse
1383 1435 1561 1518 dicitur.
1597 1443 1757 1542 Vikirrra·

331 1556 450 1675 rigia
478 1554 782 1638 obstaculorum
811 1580 904 1652 rex,
939 1558 1037 1668 quia
1062 1560 1112 1644 ad
1143 1585 1204 1641 res
1232 1556 1488 1669 perficiendas
1527 1584 1567 1644 et
1598 1569 1756 1680 negotia

269 1727 277 1735 -
330 1679 607 1796 pertractanda
634 1679 839 1762 obstacula
861 1683 1012 1789 ponit,
1046 1705 1113 1762 aut
1146 1683 1278 1778 tollit,
1311 1684 1467 1792 aperit,
1498 1683 1677 1788 claudit,
1709 1692 1756 1773 li·

329 1829 397 1922 gat
430 1825 470 1888 et
494 1805 634 1887 solvit:
670 1803 883 1912 claviger,
912 1829 1054 1914 nempe
1064 1813 1185 1888 ianus
1209 1807 1480 1890 Romanorum
1490 1862 1508 1886 ..
1539 1815 1756 1920 figuranda

329 1934 450 2014 unius
478 1927 720 2038 elephantini
751 1919 879 2010 dentis
907 1926 1005 2010 deus
1022 1959 1054 2043 ςΙ
1070 1926 1312 2012 Lambidara
1341 1929 1436 2012 vasti
1460 1936 1606 2015 ventris
1628 1936 1727 2022 deus
1739 1967 1759 2032 t·

331 2053 563 2166 Gagirinana
591 2050 844 2162 Elephantini
870 2053 1004 2138 vuitus
1025 2052 1151 2141 deus.
1187 2051 1291 2144 Vide
1325 2061 1421 2164 sysr.
1454 2057 1754 2146 Bradmasticum

328 2207 419 2294 pag.
447 2207 570 2283 170„
599 2198 644 2258 et
674 2202 789 2288 seqq.
850 2179 867 2211 “
1013 2227 1016 2232 -

265 2357 424 2478 “dm
464 2344 630 2442 Radia,
663 2347 920 2443 Mercurius,
954 2372 976 2430 a
1006 2345 1127 2429 duddi
1154 2372 1296 2446 mens,
1328 2343 1585 2446 intellectus,
1617 2351 1755 2436 Radia
1858 2379 1860 2384 ·

295 2593 300 2605 ,
333 2507 405 2610 eeu
435 2519 581 2631 insigni
613 2535 747 2598 mente
779 2533 820 2596 et
851 2511 1058 2596 irrteilectu
1094 2513 1305 2622 peredeus
1333 2515 1432 2600 deus
1464 2544 1755 2633 nuncupatur.

218 2653 220 2656 ’
334 2648 448 2733 Idem
490 2663 552 2728 est¹
583 2640 738 2749 Sugada
766 2637 873 2720 celer
903 2639 1067 2738 viator,
1100 2663 1240 2722 cursor
1268 2671 1283 2736 3
1315 2639 1530 2724 Sitraruana
1562 2643 1760 2760 diligens,

331 2767 582 2858 industriosa
614 2757 869 2864 advajavidi
893 2759 1210 2859 dissertissimus,
1242 2761 1548 2879 ineloquentia
1583 2791 1625 2866 et
1659 2773 1759 2855 veri·

334 2915 413 2978 tate
443 2890 591 2976 nemini
610 2888 841 2977 secundusa
872 2879 1123 2968 srasramuni
1140 2911 1313 2988 censor,
1344 2885 1502 2992 judexa
1533 2891 1758 2980 Murrindra

310 3013 697 3132 Hesychastaruru,
728 3009 1094 3120 contemplatorem
1125 3033 1224 3120 apex
1255 3033 1295 3094 et
1329 3013 1542 3098 director.
1575 3003 1640 3098 De
1678 3001 1765 3102 hoc

280 3197 286 3209 ,
334 3140 502 3228 numine
528 3134 743 3234 inludia,
772 3131 885 3230 Ava,
915 3135 1052 3248 Pegu,
1084 3133 1222 3232 Siam,
1255 3125 1430 3248 Tibeto,
1463 3139 1605 3236 Sinis,
1638 3162 1679 3224 et
1715 3141 1758 3224 in

335 3253 419 3379 ipsa
445 3261 575 3346 insula
598 3261 749 3372 lappan
785 3256 1005 3342 hodiedum
1036 3257 1151 3342 culto
1185 3259 1397 3370 scriptores
1438 3258 1593 3346 infinita
1623 3265 1761 3375 prodi·

333 3391 485 3478 derunt
506 3441 522 3488 .,
550 3387 703 3470 Eorum
744 3382 959 3494 opiniones
993 3383 1190 3464 examinat
1221 3401 1261 3462 et
1291 3383 1482 3468 carminat
1511 3388 1565 3469 D.
1590 3385 1760 3488 dilanier

282 3585 285 3592 ,
334 3538 438 3600 tom.
452 3511 536 3610 11.,
565 3510 691 3608 §.11.,
723 3532 816 3618 pag.
836 3531 916 3606 ιι..
938 3507 980 3586 in
1004 3529 1127 3616 opere
1145 3531 1168 3588 a
1187 3503 1303 3589 nobis
1331 3531 1450 3619 supra
1471 3506 1633 3596 laudato
1652 3567 1666 3610 ,
1687 3510 1759 3620 ubi

312 3631 692 3746 -Dumesnngu,
722 3631 766 3712 Ρ.
796 3628 980 3740 Georgi,
1011 3629 1054 3710 P.
1081 3627 1292 3738 couplet,
1327 3631 1380 3713 D.
1410 3631 1474 3716 De
1506 3633 1688 3746 Guignes
1723 3627 1790 3717 ec'

335 3760 474 3876 uaiuyr
502 3757 739 3841 sententiam
764 3753 816 3838 de
848 3750 928 3834 hoc
961 3750 1212 3856 celebrideo
1227 3753 1422 3838 adducit.
1456 3753 1588 3838 Nobis
1607 3780 1762 3842 certum

303 3961 307 3966 .
338 3907 379 3971 et
408 3882 655 3994 exploratum
686 3899 768 3978 est,
799 3873 998 3972 Budirarn,
1034 3899 1117 3958 non
1141 3875 1373 3960 historicum
1407 3898 1477 3960 aut
1509 3878 1761 3981 humanum,

333 4008 408 4094 sed
434 4005 759 4123 mythologicum'
784 4021 825 4082 et
853 3996 1109 4110 allegoricum
1147 4001 1229 4080 Ens
1257 4025 1365 4100 esse,
1398 4021 1438 4083 et
1478 4001 1683 4113 quidem,
1717 4025 1762 4086 ut
1815 4067 1819 4074 .

338 4131 601 4228 Amararinim
625 4153 719 4214 eum
749 4119 971 4222 describit,
1001 4121 1249 4206 Mercurium
1289 4149 1359 4212 seu
1397 4130 1586 4210 Hermam
1628 4117 1763 4211 cense·
1860 4188 1868 4206 .

337 4257 373 4342 ri
405 4255 559 4342 debere
580 4310 598 4338 0

247 4409 359 4539 Θ
370 4425 525 4508 ΜΗ
566 4413 769 4507 Sirrirrirna
798 4417 945 4525 »junior
983 4415 1141 4504 Bachus
1182 4415 1376 4502 Indicus,
1422 4417 1604 4508 Vocatur
1637 4423 1761 4508 etiam

342 4587 591 4677 Balabitadra
614 4588 781 4705 insignis
810 4582 1058 4670 fortitudinis
1080 4570 1214 4702 ¹deus3
1248 4583 1375 4670 Rima
1410 4584 1634 4685 formosus,
1666 4585 1763 4669 it'em

343 4713 480 4824 niger,
515 4715 686 4828 nigredo
714 4713 822 4796 enirn
850 4711 955 4797 indis
988 4706 1212 4818 formositas
1243 4707 1330 4795 est(
1357 4708 1572 4820 Crimapdia
1600 4709 1761 4794 deside·
1805 4741 1809 4750 ·

344 4839 496 4950 riorum
520 4838 650 4937 deus,
683 4863 705 4920 a
735 4835 1462 4949 cimacortcupiscentia,appetitus,
1494 4835 1761 4930 desiderium,

305 4955 313 4980 ”
345 4981 387 5043 et
411 4959 508 5067 pila
541 4961 636 5059 rex,
669 4951 830 5078 rector.
862 4958 1131 5072 Haliyudita,
1162 4959 1300 5075 yudha
1325 4981 1561 5074 pugnator,
1593 4951 1687 5042 iata·
1707 4975 1765 5035 tu·

347 5083 543 5190 multus„
561 5109 643 5171 vox
668 5081 925 5174 tumultuaria
956 5109 1005 5180 err
1033 5085 1116 5170 vini
1135 5105 1284 5208 potu.
1316 5079 1536 5196 Riiirne‘ya
1571 5105 1621 5164 ex
1656 5075 1766 5200 stella
