4612 6268
772 575 779 589 .
847 579 850 592 .
1828 515 1853 606 ³

350 655 390 740 ri
404 585 590 802 clarere
620 649 765 738 dextro
802 650 990 764 appictar
979 629 1296 747 ·ιιιει’Νειιι
1321 643 1799 798 Wal9w53²410⁰3²¹⁵
1831 657 1855 744 l

343 775 503 953 longas,
531 845 571 906 et
596 849 621 902 ιι
647 821 770 932 longa
785 815 1042 938 distinguitur
1070 845 1090 904 a
1122 817 1235 902 brevi
1272 847 1345 934 per
1370 825 1482 938 signa
1519 787 1704 940 dirgglra
1712 830 1850 930 dicta.

346 978 405 1040 car
435 955 570 1039 autem
589 945 762 1061 dirgglra
788 943 1040 1062 longitudo,
1065 969 1111 1031 ut
1137 944 1306 1059 dirgglra
1345 949 1483 1036 darsirr'
1513 953 1636 1067 longe
1672 957 1842 1060 videns,

340 1079 563 1226 propheta,
588 1101 660 1192 qur
649 1069 813 1160 futura
835 1071 1066 1186 praevidet,
1084 1093 1126 1158 et
1150 1078 1400 1184 praenoscit.
1435 1080 1496 1160 Ex
1514 1079 1592 1162 hoc
1611 1102 1749 1194 etymo
1769 1109 1842 1168 vo-

340 1209 397 1290 cis
415 1207 495 1314 jam
516 1223 656 1316 patet,
688 1195 884 1312 dr'rgglm
872 1227 915 1283 ιιι
939 1203 1130 1310 scriptura
1153 1201 1454 1286 samscrdamica
1478 1204 1580 1288 nihil
1602 1205 1840 1322 aliudesse,

336 1329 458 1452 quam
486 1351 625 1415 notam
645 1325 794 1412 vocalis
816 1322 963 1438 longae
981 1323 1222 1410 consonanti
1241 1331 1464 1442 appictam

404 1485 442 1566 5
459 1467 558 1542 et6.
623 1456 778 1570 Quinta
802 1471 842 1532 et
867 1475 976 1536 sexta
1006 1443 1154 1537 vocalis
1183 1473 1242 1534 est
1276 1483 1302 1536 ιι
1336 1451 1484 1554 breve,
1508 1477 1548 1540 et
1583 1487 1611 1537 u
1593 1455 1835 1574 longum,

336 1608 378 1670 et
370 1577 545 1668 valeta
566 1577 714 1680 breve,
744 1603 786 1663 et
812 1605 838 1655 ιι
870 1577 1039 1692 longum
1070 1580 1269 1662 latinum
1307 1580 1435 1668 Etiam
1454 1583 1550 1676 haec
1567 1585 1679 1668 litera
1712 1614 1833 1674 num,

332 1737 453 1826 quam
474 1712 513 1790 in
531 1706 665 1791 madio
683 1729 722 1791 et
745 1705 786 1788 in
810 1701 889 1785 fine
908 1704 1125 1802 dictionis
1113 1727 1268 1818 integra
1280 1707 1494 1810 scribitur,
1522 1707 1593 1792 sed
1620 1735 1694 1821 per
1720 1737 1834 1800 notas

327 1874 428 1960 infra
459 1878 508 1962 ad
537 1877 680 1990 pedem
708 1875 967 1960 consonantis
1007 1871 1183 1990 appictas
1211 1873 1504 1990 suppletur,v.
1524 1899 1620 1992 grat.
1637 1888 1828 2000 erub‘

324 2043 468 2128 rikslra
486 2049 572 2147 ira,
604 2047 786 2149 odium,
818 2072 876 2128 tes
890 2069 1057 2154 aspera,
1090 2041 1215 2144 dura,
1243 2049 1450 2132 terribilis.
1485 2047 1620 2132 Varias
1642 2070 1827 2138 notarunt

319 2197 404 2283 seu¹
432 2171 620 2284 siglarum
660 2167 836 2270 formas,
876 2169 1024 2284 quibus
1048 2171 1285 2255 Brahmanes
1317 2177 1496 2257 vocalem
1545 2181 1570 2255 ιι
1607 2175 1824 2288 supplent,

319 2297 575 2410 videsis'pag.
594 2325 665 2402 31.
687 2319 726 2380 et
758 2325 827 2402 32.
852 2299 894 2378 in
915 2289 1128 2402 Alpbabcto
1163 2295 1720 2398 Grandonico-Malabarico,
1755 2331 1822 2384 seo

316 2423 629 2519 Samscrdoniro,
666 2423 777 2504 edito
813 2422 964 2504 Romae
994 2445 1101 2502 anuo
1139 2445 1271 2524 1772.
1305 2424 1350 2506 ln
1381 2421 1526 2506 eodem
1563 2423 1823 2532 locupletissi-

315 2545 421 2630 mam
452 2549 504 2632 de
524 2548 582 2628 his
600 2547 752 2644 literis,
777 2571 997 2657 earumque
1022 2547 1356 2654 pronuntiatione
1378 2549 1560 2630 notitiam
1582 2547 1818 2659 comperies.

313 2669 448 2754 Nobis
476 2697 558 2754 non
580 2672 673 2753 licet
697 2669 754 2754 his
770 2671 1002 2754 levitatibus
1023 2671 1100 2774 jam
1125 2683 1242 2754 toties
1264 2671 1439 2782 repetitis
1467 2671 1701 2754 immorari.
1739 2673 1820 2760 Ce-

311 2818 561 2880 terum-rota
582 2791 790 2880 difficultas
815 2817 1030 2892 notarum,
1063 2797 1213 2907 quibus
1242 2827 1268 2878 ιι
1289 2795 1412 2880 breve
1432 2795 1482 2878 ab
1500 2791 1526 2876 ιι
1546 2797 1674 2910 longo
1691 2825 1818 2884 secer·

185 2951 198 2960 ·
312 2921 513 3035 nitur,in
545 2947 594 3004 eo
621 2941 728 3018 stat,
761 2920 878 3032 quod
900 2923 1110 3034 utriusque
1139 2921 1260 3034 siglae
1293 2923 1343 3006 ad
1375 2921 1477 3005 larus
1498 2923 1715 3020 dextrum,
1746 2947 1815 3009 aut

311 3047 358 3130 ad
378 3048 525 3160 pedem
550 3049 810 3129 consonantis
833 3067 1028 3156 appensae
1061 3049 1242 3128 nuncin
1264 3043 1469 3145 dextram,
1508 3072 1619 3130 nunc
1646 3047 1687 3131 in
1718 3047 1811 3132 sini·
1859 3079 1862 3103 ι

305 3197 423 3258 stram
457 3199 618 3254 manum
647 3170 888 3268 deflectant,
923 3194 966 3252 ut
987 3171 1026 3252 in
1046 3172 1173 3252 citatis
1193 3173 1348 3284 paginis
1379 3170 1592 3282 Alphabeti
1614 3167 1809 3261 Grantlta·

305 3296 658 3382 mico-Malabarici
687 3295 867 3408 conspici
895 3294 1024 3376 licet,
1055 3293 1204 3379 Eadem
1231 3299 1331 3378 ratio
1352 3319 1391 3378 et
1416 3321 1555 3380 norma
1568 3293 1737 3379 habetur
1762 3299 1804 3383 in

302 3423 521 3524 scribendis
558 3421 759 3504 vocalium
793 3417 899 3502 notis
924 3473 938 3516 ,
965 3419 1065 3504 dum
1101 3421 1240 3533 lingua
1274 3421 1584 3506 Samscrdamica
1623 3445 1806 3506 exaratur

302 3546 596 3632 characteribus
616 3539 962 3654 Divonagarirr'r,
997 3568 1067 3626 aut
1087 3540 1387 3654 Talenganr'cir.
1418 3549 1548 3632 Notae
1566 3570 1713 3658 nempe
1730 3574 1804 3632 vo·

301 3673 448 3757 callum
465 3699 593 3787 ,quae
621 3671 662 3753 in
681 3671 820 3782 lingua
838 3669 1043 3766 Arabica,
1060 3670 1213 3754 Persica
1237 3693 1276 3754 et
1294 3669 1509 3756 Chaldaica
1528 3676 1688 3784 punctis
1707 3700 1807 3758 con·

299 3802 461 3884 sonanti
491 3798 686 3909 impositis
713 3817 782 3878 aut
802 3797 1017 3908 suppositis
1048 3795 1397 3896 determinantur,
1420 3799 1461 3878 in
1481 3799 1803 3912 linguaSamscr·

299 3927 481 4019 damica,
500 3945 775 4037 quocumque
807 3921 1031 4004 charactere
1052 3945 1097 4002 ea
1119 3945 1325 4020 exaretur,
1359 3919 1676 4004 consonantibus
1690 3951 1802 4047 appr

295 4079 382 4138 ctae
398 4049 460 4134 vel
482 4049 531 4131 ad
556 4049 766 4144 dextram,
798 4047 863 4128 vel
883 4046 932 4129 ad
957 4048 1152 4130 sinistram
1170 4046 1291 4160 ipsius
1307 4047 1566 4130 consonantis
1597 4025 1800 4132 collocan-

295 4202 392 4277 tur,
427 4198 496 4258 aur
525 4171 669 4256 subtus
691 4172 843 4254 literam
872 4169 1179 4316 producuntur.
1215 4169 1369 4256 Videris
1393 4171 1648 4276 Alpbabctum
1661 4171 1796 4252 Bram

237 4331 240 4336 ·
294 4305 498 4397 barritum,
533 4326 598 4380 seu
625 4299 874 4379 Indostanum
899 4291 1177 4378 universitatis
1193 4293 1324 4394 Kasi,
1364 4297 1515 4379 Romae
1535 4295 1691 4380 editum
1714 4323 1789 4379 an·

295 4457 347 4512 no
382 4453 511 4533 1771.
539 4451 668 4544 pag.3
650 4449 721 4530 35.
742 4424 889 4536 ,Cap
903 4419 978 4506 lV
1006 4427 1069 4502 De
1091 4421 1330 4530 copulatione
1351 4421 1554 4506 vrraltum
1592 4445 1788 4504 cumcon-

289 4551 538 4636 sonantibus.

354 4716 395 4796 7
384 4681 519 4762 ..et8
584 4670 760 4787 Septima
790 4699 830 4759 et
866 4697 1007 4760 octava
1043 4669 1192 4758 vocalis
1226 4669 1554 4772 samscrdamica,
1589 4665 1786 4784 elingua

289 4831 430 4920 graeca
461 4825 501 4888 et
519 4800 637 4883 latina
658 4803 829 4885 omuino
859 4803 1011 4899 aliena,
1032 4801 1143 4884 'valet
1169 4829 1215 4882 ru
1254 4801 1404 4896 breve,
1431 4823 1472 4882 et
1506 4797 1555 4878 ιιι
1584 4799 1784 4908 longum,

287 4955 327 5014 et
343 4933 382 5014 in
399 4931 593 5042 scriptura
614 4927 924 5039 Davanagarica
945 4925 1050 5009 valet
1075 4925 1115 5006 ri
1127 4925 1249 5038 breve
1269 4947 1309 5012 et
1335 4924 1375 5006 ri
1389 4925 1557 5036 longum
1578 4981 1589 5003 .
1618 4925 1786 5032 Perpau·

288 5081 333 5139 ca
356 5079 453 5140 sunt
474 5052 675 5152 nomina,
706 5051 877 5169 quarab
898 5051 971 5134 hac
995 5051 1126 5134 vocali
1158 5049 1373 5162 incipiant.
1411 5048 1525 5134 Risui
1557 5045 1628 5132 viri
1660 5047 1786 5140 sancti

287 5180 413 5264 Murri
427 5179 557 5278 dicti,
594 5199 750 5263 veteres
778 5177 973 5263 Indorum
998 5177 1222 5288 sapientes),
1251 5173 1378 5275 Rikr,
1396 5169 1532 5270 sima,
1550 5169 1673 5286 yadju
1693 5193 1787 5266 ,scu

1419 5299 1517 5388 Aa
